time,bid1,bid_size1,ask1,ask_size1,bid2,bid_size2,ask2,ask_size2
2021-09-24 09:30:06.094881-04:00,17.44,550,17.45,292,54.68,90,54.78,72
2021-09-24 09:30:06.550662-04:00,17.44,550,17.45,292,54.68,90,54.78,72
2021-09-24 09:30:06.550662-04:00,17.44,1254,17.45,25,54.64,70,54.77,72
2021-09-24 09:30:06.550662-04:00,17.44,1254,17.45,25,54.64,70,54.77,72
2021-09-24 09:30:10.556949-04:00,17.44,1254,17.45,25,54.64,70,54.77,72
2021-09-24 09:30:10.556949-04:00,17.44,1254,17.45,25,54.64,70,54.77,72
2021-09-24 09:30:10.556949-04:00,17.44,1254,17.45,25,54.67,72,54.76,72
2021-09-24 09:30:31.181807-04:00,17.44,1254,17.45,25,54.67,72,54.76,72
2021-09-24 09:30:31.181807-04:00,17.44,1254,17.45,25,54.67,72,54.76,72
2021-09-24 09:30:31.181807-04:00,17.44,1223,17.46,391,54.67,72,54.76,72
2021-09-24 09:30:31.181807-04:00,17.44,1223,17.46,391,54.67,72,54.76,72
2021-09-24 09:30:31.181807-04:00,17.44,1223,17.46,391,54.67,72,54.76,72
2021-09-24 09:30:31.181807-04:00,17.44,1222,17.46,391,54.67,72,54.76,72
2021-09-24 09:30:31.181807-04:00,17.44,1222,17.46,391,54.67,18,54.76,72
2021-09-24 09:30:36.707034-04:00,17.44,1222,17.46,391,54.67,18,54.76,72
2021-09-24 09:30:36.707034-04:00,17.44,1222,17.46,391,54.67,18,54.76,72
2021-09-24 09:30:36.707034-04:00,17.44,1222,17.46,391,54.67,72,54.75,18
2021-09-24 09:30:36.707034-04:00,17.44,1315,17.46,397,54.67,72,54.75,18
2021-09-24 09:30:48.719917-04:00,17.44,1315,17.46,397,54.67,72,54.75,18
2021-09-24 09:30:48.719917-04:00,17.44,1269,17.46,415,54.67,72,54.75,18
2021-09-24 09:30:48.719917-04:00,17.44,1269,17.46,415,54.67,18,54.76,72
2021-09-24 09:30:57.974189-04:00,17.44,1269,17.46,415,54.67,18,54.76,72
2021-09-24 09:30:57.974189-04:00,17.44,1269,17.46,415,54.67,18,54.76,72
2021-09-24 09:30:57.974189-04:00,17.44,1269,17.46,415,54.67,18,54.76,72
2021-09-24 09:30:57.974189-04:00,17.44,1269,17.46,415,54.67,18,54.76,72
2021-09-24 09:30:57.974189-04:00,17.45,939,17.46,531,54.66,72,54.75,36
2021-09-24 09:31:11.327476-04:00,17.45,939,17.46,531,54.66,72,54.75,36
2021-09-24 09:31:11.327476-04:00,17.45,939,17.46,531,54.66,72,54.76,72
2021-09-24 09:31:11.327476-04:00,17.45,939,17.46,531,54.66,72,54.76,72
2021-09-24 09:31:11.327476-04:00,17.45,939,17.46,531,54.66,72,54.76,72
2021-09-24 09:31:11.327476-04:00,17.45,91,17.46,459,54.66,72,54.76,72
2021-09-24 09:31:16.505628-04:00,17.45,91,17.46,459,54.66,72,54.76,72
2021-09-24 09:31:16.505628-04:00,17.45,91,17.46,459,54.66,72,54.76,72
2021-09-24 09:31:16.505628-04:00,17.45,91,17.46,459,54.67,90,54.77,36
2021-09-24 09:31:16.505628-04:00,17.45,91,17.46,459,54.67,90,54.77,36
2021-09-24 09:31:24.702714-04:00,17.44,1266,17.45,192,54.67,90,54.77,36
2021-09-24 09:31:24.702714-04:00,17.44,1266,17.45,192,54.67,90,54.77,36
2021-09-24 09:31:24.702714-04:00,17.44,1266,17.45,192,54.67,90,54.77,72
2021-09-24 09:31:32.527794-04:00,17.44,1266,17.45,192,54.67,90,54.77,72
2021-09-24 09:31:32.527794-04:00,17.44,1266,17.45,192,54.67,90,54.77,72
2021-09-24 09:31:32.527794-04:00,17.44,1024,17.45,192,54.67,90,54.77,72
2021-09-24 09:31:32.527794-04:00,17.44,1024,17.45,192,54.67,90,54.77,72
2021-09-24 09:31:32.527794-04:00,17.44,1024,17.45,192,54.67,90,54.77,72
2021-09-24 09:31:32.527794-04:00,17.44,1024,17.45,192,54.67,90,54.77,72
2021-09-24 09:31:32.527794-04:00,17.44,1024,17.45,192,54.66,54,54.75,36
2021-09-24 09:31:32.527794-04:00,17.45,65,17.46,534,54.66,54,54.75,36
2021-09-24 09:31:51.504057-04:00,17.45,65,17.46,534,54.66,54,54.75,36
2021-09-24 09:31:51.504057-04:00,17.45,65,17.46,534,54.66,54,54.75,36
2021-09-24 09:31:51.504057-04:00,17.45,65,17.46,534,54.66,54,54.75,36
2021-09-24 09:31:51.504057-04:00,17.45,1042,17.46,512,54.66,54,54.75,36
2021-09-24 09:31:51.504057-04:00,17.45,1042,17.46,512,54.66,54,54.75,36
2021-09-24 09:31:51.504057-04:00,17.45,1042,17.46,512,54.65,36,54.74,72
2021-09-24 09:31:51.504057-04:00,17.45,1042,17.46,512,54.65,36,54.74,72
2021-09-24 09:31:58.560194-04:00,17.45,1042,17.46,512,54.65,36,54.74,72
2021-09-24 09:31:58.560194-04:00,17.45,1042,17.46,512,54.65,36,54.74,72
2021-09-24 09:32:04.898247-04:00,17.45,1042,17.46,512,54.65,90,54.75,90
2021-09-24 09:32:04.898247-04:00,17.45,872,17.46,448,54.65,90,54.75,90
2021-09-24 09:32:04.898247-04:00,17.45,872,17.46,448,54.65,90,54.75,90
2021-09-24 09:32:04.898247-04:00,17.45,872,17.46,448,54.65,90,54.75,90
2021-09-24 09:32:04.898247-04:00,17.45,872,17.46,448,54.65,90,54.75,90
2021-09-24 09:32:04.898247-04:00,17.45,872,17.46,448,54.65,90,54.75,90
2021-09-24 09:32:14.581358-04:00,17.45,872,17.46,448,54.65,90,54.75,90
2021-09-24 09:32:14.581358-04:00,17.45,999,17.46,64,54.64,88,54.75,90
2021-09-24 09:32:14.581358-04:00,17.45,999,17.46,64,54.64,88,54.75,90
2021-09-24 09:32:14.581358-04:00,17.45,999,17.46,64,54.64,88,54.75,90
2021-09-24 09:32:24.594586-04:00,17.45,999,17.46,64,54.64,88,54.75,90
2021-09-24 09:32:24.594586-04:00,17.45,999,17.46,64,54.64,88,54.75,90
2021-09-24 09:32:24.594586-04:00,17.45,904,17.46,448,54.64,88,54.75,90
2021-09-24 09:32:24.594586-04:00,17.45,904,17.46,448,54.64,88,54.75,90
2021-09-24 09:32:24.594586-04:00,17.45,904,17.46,448,54.65,72,54.74,72
2021-09-24 09:32:24.594586-04:00,17.45,904,17.46,448,54.65,72,54.74,72
2021-09-24 09:32:24.594586-04:00,17.45,904,17.46,448,54.65,72,54.74,72
2021-09-24 09:32:37.611785-04:00,17.45,904,17.46,448,54.65,72,54.74,72
2021-09-24 09:32:37.611785-04:00,17.44,1281,17.46,606,54.65,72,54.74,72
2021-09-24 09:32:37.611785-04:00,17.44,1281,17.46,606,54.67,18,54.75,18
2021-09-24 09:32:46.621696-04:00,17.44,1281,17.46,606,54.67,18,54.75,18
2021-09-24 09:32:46.621696-04:00,17.44,1281,17.46,606,54.66,72,54.76,54
2021-09-24 09:32:46.621696-04:00,17.44,1281,17.46,606,54.66,72,54.76,54
2021-09-24 09:32:46.621696-04:00,17.45,110,17.46,534,54.66,72,54.76,54
2021-09-24 09:32:46.621696-04:00,17.45,110,17.46,534,54.66,72,54.76,54
2021-09-24 09:32:46.621696-04:00,17.44,1390,17.46,544,54.66,72,54.76,54
2021-09-24 09:32:46.621696-04:00,17.44,1390,17.46,544,54.66,72,54.76,54
2021-09-24 09:33:05.683731-04:00,17.44,1390,17.46,544,54.66,72,54.76,54
2021-09-24 09:33:05.683731-04:00,17.44,1390,17.46,544,54.67,90,54.76,90
2021-09-24 09:33:05.683731-04:00,17.44,1250,17.46,612,54.67,90,54.76,90
2021-09-24 09:33:05.683731-04:00,17.44,1250,17.46,612,54.67,90,54.76,90
2021-09-24 09:33:25.331861-04:00,17.44,1250,17.46,612,54.67,90,54.76,90
2021-09-24 09:33:25.331861-04:00,17.44,1250,17.46,612,54.67,90,54.76,90
2021-09-24 09:33:45.693629-04:00,17.44,1250,17.46,612,54.67,90,54.76,90
2021-09-24 09:33:45.693629-04:00,17.44,1250,17.46,612,54.67,90,54.76,90
2021-09-24 09:33:45.693629-04:00,17.44,1250,17.46,612,54.67,90,54.76,90
2021-09-24 09:33:45.693629-04:00,17.44,1250,17.46,612,54.65,90,54.74,18
2021-09-24 09:33:45.693629-04:00,17.45,258,17.46,477,54.65,90,54.74,18
2021-09-24 09:33:45.693629-04:00,17.45,258,17.46,477,54.65,90,54.74,18
2021-09-24 09:33:57.713679-04:00,17.45,258,17.46,477,54.65,90,54.74,18
2021-09-24 09:33:57.713679-04:00,17.45,258,17.46,477,54.65,90,54.74,18
2021-09-24 09:33:57.713679-04:00,17.45,969,17.46,512,54.65,90,54.74,18
2021-09-24 09:33:57.713679-04:00,17.45,969,17.46,512,54.65,18,54.74,72
2021-09-24 09:34:06.729342-04:00,17.45,969,17.46,512,54.65,18,54.74,72
2021-09-24 09:34:06.729342-04:00,17.45,969,17.46,512,54.65,18,54.74,72
2021-09-24 09:34:06.729342-04:00,17.45,969,17.46,512,54.66,72,54.75,72
2021-09-24 09:34:06.729342-04:00,17.45,969,17.46,512,54.66,72,54.75,72
2021-09-24 09:34:06.729342-04:00,17.45,5,17.46,730,54.66,72,54.75,72
2021-09-24 09:34:06.729342-04:00,17.45,5,17.46,730,54.66,72,54.75,72
2021-09-24 09:34:06.729342-04:00,17.45,5,17.46,730,54.66,72,54.75,72
2021-09-24 09:34:18.960639-04:00,17.45,5,17.46,730,54.66,72,54.75,72
2021-09-24 09:34:18.960639-04:00,17.44,430,17.45,329,54.66,72,54.75,72
2021-09-24 09:34:18.960639-04:00,17.44,430,17.45,329,54.68,72,54.77,18
2021-09-24 09:34:18.960639-04:00,17.44,430,17.45,329,54.68,72,54.82,18
2021-09-24 09:34:28.498963-04:00,17.44,430,17.45,329,54.68,72,54.82,18
2021-09-24 09:34:28.498963-04:00,17.44,468,17.45,324,54.68,72,54.82,18
2021-09-24 09:34:28.498963-04:00,17.44,468,17.45,324,54.68,72,54.82,18
2021-09-24 09:34:28.498963-04:00,17.44,259,17.45,462,54.68,72,54.82,18
2021-09-24 09:34:35.508667-04:00,17.44,259,17.45,462,54.68,72,54.82,18
2021-09-24 09:34:35.508667-04:00,17.44,259,17.45,462,54.68,72,54.78,19
2021-09-24 09:34:40.518526-04:00,17.44,259,17.45,462,54.68,72,54.78,19
2021-09-24 09:34:40.518526-04:00,17.44,259,17.45,462,54.68,72,54.78,19
2021-09-24 09:34:40.518526-04:00,17.44,259,17.45,462,54.68,72,54.78,19
2021-09-24 09:34:40.518526-04:00,17.44,259,17.45,462,54.68,36,54.77,37
2021-09-24 09:34:40.518526-04:00,17.44,259,17.45,462,54.68,36,54.77,37
2021-09-24 09:34:40.518526-04:00,17.44,575,17.45,270,54.68,36,54.77,37
2021-09-24 09:34:55.599755-04:00,17.44,575,17.45,270,54.68,90,54.77,19
2021-09-24 09:34:55.599755-04:00,17.44,575,17.45,270,54.68,90,54.77,19
2021-09-24 09:34:55.599755-04:00,17.44,365,17.45,270,54.68,90,54.77,19
2021-09-24 09:34:55.599755-04:00,17.44,365,17.45,270,54.68,90,54.77,19
2021-09-24 09:34:55.599755-04:00,17.44,365,17.45,270,54.68,90,54.77,19
2021-09-24 09:34:55.599755-04:00,17.44,1196,17.46,540,54.68,90,54.77,19
2021-09-24 09:35:02.545847-04:00,17.44,1196,17.46,540,54.68,90,54.77,19
2021-09-24 09:35:02.545847-04:00,17.44,1196,17.46,540,54.68,90,54.77,19
2021-09-24 09:35:02.545847-04:00,17.44,1196,17.46,540,54.68,90,54.77,19
2021-09-24 09:35:02.545847-04:00,17.44,1196,17.46,540,54.68,90,54.77,19
2021-09-24 09:35:02.545847-04:00,17.44,1196,17.46,540,54.66,72,54.75,1
2021-09-24 09:35:02.545847-04:00,17.45,15,17.46,540,54.66,72,54.75,1
2021-09-24 09:35:02.545847-04:00,17.45,15,17.46,540,54.66,72,54.75,1
2021-09-24 09:35:02.545847-04:00,17.45,15,17.46,540,54.66,72,54.75,1
2021-09-24 09:35:02.545847-04:00,17.45,15,17.46,540,54.66,72,54.75,1
2021-09-24 09:35:02.545847-04:00,17.45,15,17.46,540,54.66,72,54.75,1
2021-09-24 09:35:02.545847-04:00,17.45,15,17.46,540,54.66,72,54.75,1
2021-09-24 09:35:02.545847-04:00,17.45,15,17.46,540,54.66,72,54.75,1
2021-09-24 09:35:02.545847-04:00,17.45,17,17.46,500,54.66,72,54.75,1
2021-09-24 09:35:02.545847-04:00,17.45,17,17.46,500,54.66,72,54.75,1
2021-09-24 09:35:02.545847-04:00,17.45,17,17.46,500,54.66,36,54.75,56
2021-09-24 09:35:02.545847-04:00,17.45,412,17.46,500,54.66,36,54.75,56
2021-09-24 09:35:30.582572-04:00,17.45,412,17.46,500,54.66,36,54.75,56
2021-09-24 09:35:30.582572-04:00,17.45,412,17.46,500,54.66,36,54.75,56
2021-09-24 09:35:30.582572-04:00,17.45,412,17.46,500,54.65,54,54.74,74
2021-09-24 09:35:42.598435-04:00,17.45,412,17.46,500,54.65,54,54.74,74
2021-09-24 09:35:42.598435-04:00,17.45,412,17.46,500,54.65,72,54.74,73
2021-09-24 09:35:42.598435-04:00,17.45,1220,17.46,344,54.65,72,54.74,73
2021-09-24 09:35:42.598435-04:00,17.45,1220,17.46,344,54.65,72,54.74,73
2021-09-24 09:35:42.598435-04:00,17.45,1220,17.46,344,54.65,72,54.74,73
2021-09-24 09:35:42.598435-04:00,17.45,1220,17.46,344,54.65,72,54.74,73
2021-09-24 09:35:57.615286-04:00,17.45,1220,17.46,344,54.65,72,54.74,73
2021-09-24 09:35:57.615286-04:00,17.45,1220,17.46,344,54.65,72,54.74,73
2021-09-24 09:35:57.615286-04:00,17.45,1220,17.46,344,54.61,90,54.71,91
2021-09-24 09:35:57.615286-04:00,17.46,292,17.47,433,54.61,90,54.71,91
2021-09-24 09:35:57.615286-04:00,17.46,292,17.47,433,54.61,90,54.71,91
2021-09-24 09:36:06.585302-04:00,17.46,292,17.47,433,54.61,90,54.71,91
2021-09-24 09:36:06.585302-04:00,17.46,292,17.47,433,54.62,72,54.71,55
2021-09-24 09:36:06.585302-04:00,17.46,317,17.47,474,54.62,72,54.71,55
2021-09-24 09:36:06.585302-04:00,17.46,317,17.47,474,54.62,72,54.71,55
2021-09-24 09:36:06.585302-04:00,17.46,317,17.47,474,54.62,72,54.71,37
2021-09-24 09:36:06.585302-04:00,17.46,317,17.47,474,54.62,72,54.71,37
2021-09-24 09:36:06.585302-04:00,17.46,180,17.47,426,54.62,72,54.71,37
2021-09-24 09:36:06.585302-04:00,17.46,180,17.47,426,54.62,72,54.71,37
2021-09-24 09:36:25.647727-04:00,17.46,1059,17.47,336,54.62,72,54.71,37
2021-09-24 09:36:25.647727-04:00,17.46,1059,17.47,336,54.62,18,54.71,91
2021-09-24 09:36:25.647727-04:00,17.46,1059,17.47,336,54.62,18,54.71,91
2021-09-24 09:36:25.647727-04:00,17.46,1059,17.47,336,54.62,18,54.71,91
2021-09-24 09:36:25.647727-04:00,17.46,1058,17.47,336,54.62,18,54.71,91
2021-09-24 09:36:25.647727-04:00,17.46,1058,17.47,336,54.62,18,54.71,91
2021-09-24 09:36:25.647727-04:00,17.46,1058,17.47,336,54.62,90,54.71,20
2021-09-24 09:36:25.647727-04:00,17.46,438,17.47,347,54.62,90,54.71,20
2021-09-24 09:36:25.647727-04:00,17.46,438,17.47,347,54.62,90,54.71,20
2021-09-24 09:36:48.676157-04:00,17.46,438,17.47,347,54.62,90,54.71,20
2021-09-24 09:36:48.676157-04:00,17.46,438,17.47,347,54.62,90,54.71,20
2021-09-24 09:36:56.686741-04:00,17.46,438,17.47,347,54.62,90,54.71,20
2021-09-24 09:36:56.686741-04:00,17.46,127,17.47,430,54.62,90,54.71,20
2021-09-24 09:36:56.686741-04:00,17.46,127,17.47,430,54.62,90,54.71,20
2021-09-24 09:36:56.686741-04:00,17.46,127,17.47,430,54.62,90,54.71,20
2021-09-24 09:36:56.686741-04:00,17.46,69,17.47,437,54.62,90,54.71,20
2021-09-24 09:36:56.686741-04:00,17.46,69,17.47,437,54.61,90,54.71,19
2021-09-24 09:37:08.701618-04:00,17.46,69,17.47,437,54.61,90,54.71,19
2021-09-24 09:37:13.650386-04:00,17.46,69,17.47,437,54.61,90,54.71,19
2021-09-24 09:37:13.650386-04:00,17.46,15,17.47,442,54.61,90,54.71,19
2021-09-24 09:37:13.650386-04:00,17.46,15,17.47,442,54.62,90,54.71,1
2021-09-24 09:37:13.650386-04:00,17.46,15,17.47,442,54.62,90,54.71,1
2021-09-24 09:37:13.650386-04:00,17.46,15,17.47,442,54.62,90,54.71,2
2021-09-24 09:37:13.650386-04:00,17.46,237,17.47,352,54.62,90,54.71,2
2021-09-24 09:37:13.650386-04:00,17.46,1187,17.47,341,54.62,90,54.7,1
2021-09-24 09:37:40.343021-04:00,17.46,1187,17.47,341,54.62,90,54.7,1
2021-09-24 09:37:40.343021-04:00,17.46,1187,17.47,341,54.62,90,54.7,1
2021-09-24 09:37:40.343021-04:00,17.46,1187,17.47,341,54.63,72,54.72,90
2021-09-24 09:37:47.496894-04:00,17.46,1187,17.47,341,54.63,72,54.72,90
2021-09-24 09:37:47.496894-04:00,17.46,1187,17.47,341,54.63,72,54.72,90
2021-09-24 09:37:47.496894-04:00,17.46,11,17.47,496,54.63,72,54.72,90
2021-09-24 09:37:47.496894-04:00,17.46,11,17.47,496,54.62,18,54.71,38
2021-09-24 09:37:47.496894-04:00,17.46,665,17.47,224,54.62,18,54.71,38
2021-09-24 09:37:47.496894-04:00,17.46,665,17.47,224,54.62,18,54.71,38
2021-09-24 09:37:58.510449-04:00,17.46,665,17.47,224,54.62,18,54.71,38
2021-09-24 09:37:58.510449-04:00,17.46,665,17.47,224,54.62,90,54.71,2
2021-09-24 09:37:58.510449-04:00,17.46,665,17.47,224,54.62,90,54.71,2
2021-09-24 09:37:58.510449-04:00,17.46,821,17.47,291,54.62,90,54.71,2
2021-09-24 09:38:08.521687-04:00,17.46,821,17.47,291,54.62,90,54.71,2
2021-09-24 09:38:08.521687-04:00,17.46,821,17.47,291,54.62,90,54.71,56
2021-09-24 09:38:08.521687-04:00,17.46,821,17.47,291,54.62,90,54.71,56
2021-09-24 09:38:08.521687-04:00,17.46,821,17.47,291,54.62,90,54.71,56
2021-09-24 09:38:11.524658-04:00,17.46,821,17.47,291,54.62,90,54.71,56
2021-09-24 09:38:11.524658-04:00,17.46,470,17.47,297,54.62,90,54.71,56
2021-09-24 09:38:11.524658-04:00,17.46,470,17.47,297,54.62,90,54.71,56
2021-09-24 09:38:11.524658-04:00,17.46,470,17.47,297,54.62,90,54.71,56
2021-09-24 09:38:11.524658-04:00,17.46,470,17.47,297,54.62,90,54.71,2
2021-09-24 09:38:26.543535-04:00,17.46,470,17.47,297,54.62,90,54.71,2
2021-09-24 09:38:26.543535-04:00,17.46,1208,17.47,280,54.62,90,54.71,2
2021-09-24 09:38:26.543535-04:00,17.46,1208,17.47,280,54.62,90,54.71,2
2021-09-24 09:38:26.543535-04:00,17.46,1208,17.47,280,54.62,90,54.71,38
2021-09-24 09:38:36.553740-04:00,17.46,1208,17.47,280,54.62,90,54.71,38
2021-09-24 09:38:36.553740-04:00,17.46,1208,17.47,280,54.62,90,54.71,38
2021-09-24 09:38:36.553740-04:00,17.46,1208,17.47,280,54.62,90,54.71,38
2021-09-24 09:38:36.553740-04:00,17.46,295,17.47,362,54.62,90,54.71,38
2021-09-24 09:38:36.553740-04:00,17.46,295,17.47,362,54.62,90,54.71,38
2021-09-24 09:38:36.553740-04:00,17.46,295,17.47,362,54.62,90,54.71,38
2021-09-24 09:38:36.553740-04:00,17.46,295,17.47,362,54.62,90,54.71,38
2021-09-24 09:38:36.553740-04:00,17.46,1188,17.47,336,54.62,90,54.71,38
2021-09-24 09:38:36.553740-04:00,17.46,1188,17.47,336,54.62,72,54.71,36
2021-09-24 09:38:47.600207-04:00,17.46,1188,17.47,336,54.62,72,54.71,36
2021-09-24 09:38:47.600207-04:00,17.46,1188,17.47,336,54.61,72,54.7,2
2021-09-24 09:38:47.600207-04:00,17.46,1188,17.47,336,54.61,72,54.7,2
2021-09-24 09:39:01.044263-04:00,17.46,1140,17.47,56,54.61,72,54.7,2
2021-09-24 09:39:01.044263-04:00,17.46,1140,17.47,56,54.61,72,54.7,2
2021-09-24 09:39:01.044263-04:00,17.46,1140,17.47,56,54.58,90,54.67,19
2021-09-24 09:39:01.044263-04:00,17.46,1140,17.47,56,54.58,90,54.67,19
2021-09-24 09:39:01.044263-04:00,17.46,1140,17.47,56,54.58,90,54.67,19
2021-09-24 09:39:01.044263-04:00,17.47,1171,17.48,112,54.58,90,54.67,19
2021-09-24 09:39:01.044263-04:00,17.47,1171,17.48,112,54.58,90,54.67,19
2021-09-24 09:39:08.590101-04:00,17.47,1171,17.48,112,54.58,90,54.67,19
2021-09-24 09:39:08.590101-04:00,17.47,1171,17.48,112,54.58,90,54.67,19
2021-09-24 09:39:08.590101-04:00,17.47,1171,17.48,112,54.58,90,54.67,19
2021-09-24 09:39:14.594035-04:00,17.47,1171,17.48,112,54.58,90,54.67,19
2021-09-24 09:39:14.594035-04:00,17.47,1171,17.48,112,54.58,90,54.67,19
2021-09-24 09:39:14.594035-04:00,17.48,107,17.49,401,54.58,90,54.67,19
2021-09-24 09:39:14.594035-04:00,17.48,107,17.49,401,54.58,90,54.67,19
2021-09-24 09:39:14.594035-04:00,17.48,107,17.49,401,54.58,90,54.67,19
2021-09-24 09:39:14.594035-04:00,17.48,107,17.49,401,54.57,36,54.66,91
2021-09-24 09:39:14.594035-04:00,17.48,107,17.49,401,54.57,36,54.66,91
2021-09-24 09:39:21.603296-04:00,17.48,107,17.49,401,54.57,36,54.66,91
2021-09-24 09:39:21.603296-04:00,17.48,107,17.49,401,54.57,36,54.66,91
2021-09-24 09:39:21.603296-04:00,17.48,120,17.49,353,54.57,36,54.66,91
2021-09-24 09:39:21.603296-04:00,17.48,120,17.49,353,54.56,90,54.66,91
2021-09-24 09:39:21.603296-04:00,17.48,120,17.49,353,54.56,90,54.66,91
2021-09-24 09:39:21.603296-04:00,17.48,120,17.49,353,54.56,90,54.66,91
2021-09-24 09:39:21.603296-04:00,17.48,120,17.49,353,54.56,90,54.66,91
2021-09-24 09:39:21.603296-04:00,17.48,120,17.49,353,54.56,90,54.66,91
2021-09-24 09:39:21.603296-04:00,17.48,120,17.49,353,54.56,90,54.66,91
2021-09-24 09:39:34.657390-04:00,17.48,120,17.49,353,54.56,90,54.66,91
2021-09-24 09:39:34.657390-04:00,17.48,92,17.49,422,54.56,90,54.66,91
2021-09-24 09:39:34.657390-04:00,17.48,92,17.49,422,54.53,90,54.63,56
2021-09-24 09:39:34.657390-04:00,17.48,92,17.49,422,54.53,90,54.63,56
2021-09-24 09:39:34.657390-04:00,17.48,1368,17.5,238,54.53,90,54.63,56
2021-09-24 09:39:34.657390-04:00,17.48,1368,17.5,238,54.53,90,54.63,56
2021-09-24 09:39:48.635021-04:00,17.48,1368,17.5,238,54.53,90,54.63,56
2021-09-24 09:39:48.635021-04:00,17.48,1368,17.5,238,54.53,90,54.63,56
2021-09-24 09:39:48.635021-04:00,17.48,1368,17.5,238,54.53,90,54.63,56
2021-09-24 09:39:54.621016-04:00,17.48,1368,17.5,238,54.52,72,54.61,37
2021-09-24 09:39:54.621016-04:00,17.49,463,17.5,459,54.52,72,54.61,37
2021-09-24 09:39:54.621016-04:00,17.49,463,17.5,459,54.52,72,54.61,37
2021-09-24 09:39:54.621016-04:00,17.49,463,17.5,459,54.52,72,54.61,37
2021-09-24 09:39:54.621016-04:00,17.49,463,17.5,459,54.52,72,54.61,37
2021-09-24 09:39:54.621016-04:00,17.48,1044,17.5,483,54.52,72,54.61,37
2021-09-24 09:39:54.621016-04:00,17.48,1044,17.5,483,54.54,90,54.62,92
2021-09-24 09:40:08.657486-04:00,17.48,1044,17.5,483,54.54,90,54.62,92
2021-09-24 09:40:08.657486-04:00,17.48,1044,17.5,483,54.54,90,54.62,92
2021-09-24 09:40:08.657486-04:00,17.48,1044,17.5,483,54.54,90,54.62,92
2021-09-24 09:40:08.657486-04:00,17.49,978,17.5,478,54.53,54,54.6,1
2021-09-24 09:40:21.348556-04:00,17.49,978,17.5,478,54.53,54,54.6,1
2021-09-24 09:40:21.348556-04:00,17.49,978,17.5,478,54.53,54,54.6,1
2021-09-24 09:40:21.348556-04:00,17.49,978,17.5,478,54.48,36,54.58,91
2021-09-24 09:40:21.348556-04:00,17.49,978,17.5,478,54.48,36,54.58,91
2021-09-24 09:40:21.348556-04:00,17.49,978,17.5,478,54.48,36,54.58,91
2021-09-24 09:40:21.348556-04:00,17.49,978,17.5,478,54.48,36,54.58,91
2021-09-24 09:40:21.348556-04:00,17.5,126,17.51,69,54.48,36,54.58,91
2021-09-24 09:40:28.680952-04:00,17.5,126,17.51,69,54.48,36,54.58,91
2021-09-24 09:40:28.680952-04:00,17.5,126,17.51,69,54.48,36,54.58,91
2021-09-24 09:40:28.680952-04:00,17.5,126,17.51,69,54.48,36,54.58,91
2021-09-24 09:40:28.680952-04:00,17.5,126,17.51,69,54.48,90,54.56,91
2021-09-24 09:40:36.690537-04:00,17.5,126,17.51,69,54.48,90,54.56,91
2021-09-24 09:40:36.690537-04:00,17.5,1241,17.52,123,54.48,90,54.56,91
2021-09-24 09:40:36.690537-04:00,17.5,1092,17.51,62,54.48,90,54.56,91
2021-09-24 09:40:36.690537-04:00,17.5,1092,17.51,62,54.49,18,54.56,38
2021-09-24 09:40:48.706447-04:00,17.5,1092,17.51,62,54.49,18,54.56,38
2021-09-24 09:40:48.706447-04:00,17.5,1092,17.51,62,54.49,18,54.56,38
2021-09-24 09:40:56.754929-04:00,17.5,1092,17.51,62,54.48,36,54.56,90
2021-09-24 09:40:56.754929-04:00,17.5,721,17.52,399,54.48,36,54.56,90
2021-09-24 09:40:56.754929-04:00,17.5,721,17.52,399,54.48,36,54.56,90
2021-09-24 09:40:56.754929-04:00,17.5,721,17.52,399,54.48,36,54.56,90
2021-09-24 09:40:56.754929-04:00,17.5,721,17.52,399,54.48,36,54.56,90
2021-09-24 09:40:56.754929-04:00,17.5,721,17.52,399,54.48,36,54.56,90
2021-09-24 09:40:56.754929-04:00,17.51,64,17.52,340,54.48,36,54.56,90
2021-09-24 09:40:56.754929-04:00,17.51,64,17.52,340,54.48,90,54.55,92
2021-09-24 09:41:07.479258-04:00,17.51,64,17.52,340,54.48,90,54.55,92
2021-09-24 09:41:07.479258-04:00,17.51,64,17.52,340,54.48,72,54.56,72
2021-09-24 09:41:15.487835-04:00,17.51,64,17.52,340,54.48,72,54.56,72
2021-09-24 09:41:15.487835-04:00,17.5,1055,17.52,599,54.48,72,54.56,72
2021-09-24 09:41:15.487835-04:00,17.5,1055,17.52,599,54.48,72,54.56,72
2021-09-24 09:41:15.487835-04:00,17.5,1055,17.52,599,54.48,72,54.56,72
2021-09-24 09:41:15.487835-04:00,17.5,1055,17.52,599,54.48,72,54.56,72
2021-09-24 09:41:15.487835-04:00,17.5,1055,17.52,599,54.48,72,54.56,72
2021-09-24 09:41:15.487835-04:00,17.5,1055,17.52,599,54.48,90,54.55,2
2021-09-24 09:41:15.487835-04:00,17.5,1318,17.52,585,54.48,90,54.55,2
2021-09-24 09:41:15.487835-04:00,17.5,1318,17.52,585,54.48,90,54.55,2
2021-09-24 09:41:15.487835-04:00,17.5,1318,17.52,585,54.48,90,54.55,2
2021-09-24 09:41:15.487835-04:00,17.5,1318,17.52,523,54.48,90,54.55,2
2021-09-24 09:41:15.487835-04:00,17.5,1318,17.52,523,54.48,90,54.55,2
2021-09-24 09:41:15.487835-04:00,17.5,1318,17.52,523,54.47,90,54.55,54
2021-09-24 09:41:47.714674-04:00,17.5,1318,17.52,523,54.47,90,54.55,54
2021-09-24 09:41:47.714674-04:00,17.51,64,17.52,391,54.47,90,54.55,54
2021-09-24 09:41:47.714674-04:00,17.51,64,17.52,391,54.47,90,54.55,54
2021-09-24 09:41:55.472932-04:00,17.51,64,17.52,391,54.47,90,54.55,54
2021-09-24 09:41:55.472932-04:00,17.51,64,17.52,391,54.47,18,54.54,55
2021-09-24 09:41:55.472932-04:00,17.51,355,17.52,391,54.47,18,54.54,55
2021-09-24 09:42:09.120445-04:00,17.51,355,17.52,391,54.47,90,54.54,92
2021-09-24 09:42:09.120445-04:00,17.51,374,17.52,434,54.47,90,54.54,92
2021-09-24 09:42:09.120445-04:00,17.51,374,17.52,434,54.47,90,54.54,92
2021-09-24 09:42:09.120445-04:00,17.51,374,17.52,434,54.47,90,54.54,92
2021-09-24 09:42:09.120445-04:00,17.51,1265,17.52,434,54.47,90,54.54,92
2021-09-24 09:42:09.120445-04:00,17.51,1265,17.52,434,54.47,90,54.54,92
2021-09-24 09:42:09.120445-04:00,17.51,1265,17.52,434,54.47,18,54.54,92
2021-09-24 09:42:09.120445-04:00,17.51,1265,17.52,434,54.47,18,54.54,92
2021-09-24 09:42:09.120445-04:00,17.51,1313,17.53,252,54.47,18,54.54,92
2021-09-24 09:42:09.120445-04:00,17.51,1313,17.53,252,54.47,18,54.54,92
2021-09-24 09:42:09.120445-04:00,17.51,1313,17.53,252,54.45,18,54.52,18
2021-09-24 09:42:23.507983-04:00,17.51,1313,17.53,252,54.45,18,54.52,18
2021-09-24 09:42:23.507983-04:00,17.51,1313,17.53,252,54.45,18,54.52,18
2021-09-24 09:42:23.507983-04:00,17.51,1313,17.53,252,54.45,18,54.52,18
2021-09-24 09:42:23.507983-04:00,17.51,1313,17.53,252,54.45,18,54.52,18
2021-09-24 09:42:23.507983-04:00,17.52,124,17.53,521,54.45,18,54.52,18
2021-09-24 09:42:23.507983-04:00,17.52,124,17.53,521,54.45,18,54.52,90
2021-09-24 09:42:37.524517-04:00,17.52,124,17.53,521,54.45,18,54.52,90
2021-09-24 09:42:37.524517-04:00,17.52,124,17.53,521,54.45,18,54.52,90
2021-09-24 09:42:37.524517-04:00,17.52,124,17.53,521,54.45,18,54.52,90
2021-09-24 09:42:37.524517-04:00,17.52,124,17.53,521,54.45,18,54.52,90
2021-09-24 09:42:37.524517-04:00,17.51,490,17.52,388,54.45,18,54.52,90
2021-09-24 09:42:50.203662-04:00,17.51,490,17.52,388,54.46,72,54.54,72
2021-09-24 09:42:50.203662-04:00,17.51,490,17.52,388,54.46,72,54.54,72
2021-09-24 09:42:50.203662-04:00,17.51,555,17.52,141,54.46,72,54.54,72
2021-09-24 09:42:55.545380-04:00,17.51,555,17.52,141,54.46,72,54.54,72
2021-09-24 09:42:55.545380-04:00,17.51,555,17.52,141,54.46,72,54.54,72
2021-09-24 09:42:55.545380-04:00,17.51,580,17.52,88,54.46,72,54.54,72
2021-09-24 09:42:55.545380-04:00,17.51,580,17.52,88,54.46,72,54.54,72
2021-09-24 09:42:55.545380-04:00,17.51,439,17.52,263,54.46,72,54.54,90
2021-09-24 09:43:17.476835-04:00,17.51,439,17.52,263,54.46,72,54.54,90
2021-09-24 09:43:21.577871-04:00,17.51,439,17.52,263,54.46,72,54.54,90
2021-09-24 09:43:21.577871-04:00,17.51,439,17.52,263,54.46,72,54.54,90
2021-09-24 09:43:21.577871-04:00,17.51,439,17.52,263,54.44,18,54.52,18
2021-09-24 09:43:21.577871-04:00,17.51,1452,17.53,381,54.44,18,54.52,18
2021-09-24 09:43:21.577871-04:00,17.51,1452,17.53,372,54.44,18,54.52,18
2021-09-24 09:43:21.577871-04:00,17.51,1452,17.53,372,54.44,18,54.52,36
2021-09-24 09:43:21.577871-04:00,17.51,1452,17.53,372,54.44,18,54.52,36
2021-09-24 09:43:21.577871-04:00,17.51,1452,17.53,372,54.44,18,54.52,36
2021-09-24 09:43:21.577871-04:00,17.51,1452,17.53,372,54.45,90,54.53,90
2021-09-24 09:43:21.577871-04:00,17.51,1340,17.53,717,54.45,90,54.53,90
2021-09-24 09:43:21.577871-04:00,17.5,1407,17.52,576,54.45,90,54.53,90
2021-09-24 09:43:57.767116-04:00,17.5,1407,17.52,576,54.45,90,54.53,90
2021-09-24 09:43:57.767116-04:00,17.5,1407,17.52,576,54.48,36,54.55,18
2021-09-24 09:43:57.767116-04:00,17.5,1407,17.52,576,54.48,36,54.55,18
2021-09-24 09:44:07.630773-04:00,17.5,1407,17.52,576,54.48,36,54.55,18
2021-09-24 09:44:07.630773-04:00,17.5,1407,17.52,576,54.48,110,54.55,15
2021-09-24 09:44:07.630773-04:00,17.5,1550,17.52,594,54.48,110,54.55,15
2021-09-24 09:44:07.630773-04:00,17.5,1550,17.52,594,54.48,110,54.55,15
2021-09-24 09:44:07.630773-04:00,17.5,661,17.52,545,54.48,110,54.55,15
2021-09-24 09:44:18.645296-04:00,17.5,661,17.52,545,54.48,110,54.55,15
2021-09-24 09:44:18.645296-04:00,17.5,661,17.52,545,54.48,109,54.56,110
2021-09-24 09:44:18.645296-04:00,17.5,661,17.52,545,54.48,109,54.56,110
2021-09-24 09:44:18.645296-04:00,17.5,661,17.52,545,54.48,109,54.56,110
2021-09-24 09:44:18.645296-04:00,17.5,661,17.52,545,54.48,109,54.56,110
2021-09-24 09:44:18.645296-04:00,17.5,661,17.52,545,54.48,129,54.56,90
2021-09-24 09:44:18.645296-04:00,17.5,661,17.52,545,54.48,129,54.56,90
2021-09-24 09:44:18.645296-04:00,17.5,604,17.52,605,54.48,129,54.56,90
2021-09-24 09:44:18.645296-04:00,17.51,332,17.52,497,54.48,129,54.56,90
2021-09-24 09:44:18.645296-04:00,17.51,332,17.52,497,54.48,129,54.56,90
2021-09-24 09:44:38.669688-04:00,17.51,332,17.52,497,54.48,129,54.56,90
2021-09-24 09:44:38.669688-04:00,17.51,332,17.52,497,54.47,55,54.54,33
2021-09-24 09:44:38.669688-04:00,17.51,332,17.52,497,54.47,55,54.54,33
2021-09-24 09:44:38.669688-04:00,17.51,332,17.52,497,54.47,55,54.54,33
2021-09-24 09:44:38.669688-04:00,17.51,1388,17.52,130,54.47,55,54.54,33
2021-09-24 09:44:47.678715-04:00,17.51,1388,17.52,130,54.46,110,54.53,72
2021-09-24 09:44:47.678715-04:00,17.51,1388,17.52,130,54.46,110,54.53,72
2021-09-24 09:44:47.678715-04:00,17.51,1388,17.52,130,54.46,110,54.53,72
2021-09-24 09:44:47.678715-04:00,17.51,800,17.52,1001,54.46,110,54.53,72
2021-09-24 09:44:58.692269-04:00,17.51,800,17.52,1001,54.46,110,54.53,72
2021-09-24 09:44:58.692269-04:00,17.51,800,17.52,1001,54.52,5,54.57,54
2021-09-24 09:44:58.692269-04:00,17.51,800,17.52,1001,54.52,5,54.57,54
2021-09-24 09:44:59.694589-04:00,17.51,800,17.52,1001,54.52,5,54.57,54
2021-09-24 09:45:04.973476-04:00,17.51,800,17.52,1001,54.52,5,54.57,54
2021-09-24 09:45:06.701854-04:00,17.51,800,17.52,1001,54.52,5,54.57,54
2021-09-24 09:45:07.704175-04:00,17.51,800,17.52,1001,54.52,5,54.57,54
2021-09-24 09:45:07.704175-04:00,17.51,800,17.52,1001,54.5,2,54.56,76
2021-09-24 09:45:07.704175-04:00,17.5,1935,17.51,30,54.5,2,54.56,76
2021-09-24 09:45:07.704175-04:00,17.5,1935,17.51,30,54.5,2,54.56,76
2021-09-24 09:45:07.704175-04:00,17.5,1935,17.51,30,54.5,2,54.55,2
2021-09-24 09:45:18.518264-04:00,17.51,52,17.52,1055,54.5,2,54.55,2
2021-09-24 09:45:18.518264-04:00,17.51,52,17.52,1055,54.5,2,54.55,2
2021-09-24 09:45:18.518264-04:00,17.51,52,17.52,1055,54.5,2,54.55,2
2021-09-24 09:45:18.518264-04:00,17.51,40,17.52,1146,54.5,2,54.55,2
2021-09-24 09:45:18.518264-04:00,17.51,40,17.52,1146,54.5,2,54.55,2
2021-09-24 09:45:18.518264-04:00,17.51,40,17.52,1146,54.5,2,54.55,2
2021-09-24 09:45:27.727639-04:00,17.51,40,17.52,1146,54.5,1,54.55,34
2021-09-24 09:45:27.727639-04:00,17.51,40,17.52,1146,54.5,1,54.55,34
2021-09-24 09:45:27.727639-04:00,17.51,40,17.52,1146,54.5,1,54.55,34
2021-09-24 09:45:27.727639-04:00,17.51,40,17.52,1146,54.5,1,54.55,34
2021-09-24 09:45:31.886521-04:00,17.51,40,17.52,1146,54.5,1,54.55,34
2021-09-24 09:45:31.886521-04:00,17.51,40,17.52,1146,54.5,1,54.55,34
2021-09-24 09:45:31.886521-04:00,17.52,686,17.53,1005,54.5,1,54.55,34
2021-09-24 09:45:38.710277-04:00,17.52,686,17.53,1005,54.5,1,54.55,34
2021-09-24 09:45:38.710277-04:00,17.52,686,17.53,1005,54.46,6,54.51,2
2021-09-24 09:45:38.710277-04:00,17.52,686,17.53,1005,54.46,6,54.51,2
2021-09-24 09:45:48.722553-04:00,17.52,570,17.53,816,54.46,6,54.51,2
2021-09-24 09:45:48.722553-04:00,17.52,570,17.53,816,54.43,98,54.51,20
2021-09-24 09:45:48.722553-04:00,17.52,1191,17.53,943,54.43,98,54.51,20
2021-09-24 09:45:48.722553-04:00,17.52,1191,17.53,943,54.43,98,54.51,20
2021-09-24 09:45:58.735782-04:00,17.52,1191,17.53,943,54.43,98,54.51,20
2021-09-24 09:45:58.735782-04:00,17.52,1191,17.53,943,54.44,97,54.51,37
2021-09-24 09:45:58.735782-04:00,17.52,1191,17.53,943,54.44,97,54.51,37
2021-09-24 09:46:01.737754-04:00,17.52,1191,17.53,943,54.44,97,54.51,37
2021-09-24 09:46:01.737754-04:00,17.52,1191,17.53,943,54.44,97,54.51,37
2021-09-24 09:46:01.737754-04:00,17.52,1191,17.53,943,54.44,97,54.51,37
2021-09-24 09:46:01.737754-04:00,17.53,1465,17.54,299,54.44,97,54.51,37
2021-09-24 09:46:12.070131-04:00,17.53,1465,17.54,299,54.4,43,54.47,40
2021-09-24 09:46:12.070131-04:00,17.53,1465,17.54,299,54.43,147,54.5,1
2021-09-24 09:46:12.070131-04:00,17.52,1310,17.53,493,54.43,147,54.5,1
2021-09-24 09:46:12.070131-04:00,17.52,1310,17.53,493,54.43,147,54.5,1
2021-09-24 09:46:12.070131-04:00,17.52,1310,17.53,493,54.43,147,54.5,1
2021-09-24 09:46:18.509913-04:00,17.52,1310,17.53,493,54.43,147,54.5,1
2021-09-24 09:46:18.509913-04:00,17.52,1310,17.53,493,54.43,147,54.5,1
2021-09-24 09:46:18.509913-04:00,17.52,1310,17.53,493,54.43,147,54.5,1
2021-09-24 09:46:18.509913-04:00,17.52,1310,17.53,493,54.43,147,54.5,1
2021-09-24 09:46:18.509913-04:00,17.52,1310,17.53,493,54.43,147,54.5,1
2021-09-24 09:46:18.509913-04:00,17.52,2648,17.53,556,54.43,147,54.5,1
2021-09-24 09:46:28.521152-04:00,17.52,2648,17.53,556,54.43,147,54.5,1
2021-09-24 09:46:28.521152-04:00,17.52,2648,17.53,556,54.43,137,54.49,49
2021-09-24 09:46:28.521152-04:00,17.53,85,17.54,1930,54.43,137,54.49,49
2021-09-24 09:46:38.875466-04:00,17.53,85,17.54,1930,54.43,24,54.49,92
2021-09-24 09:46:38.875466-04:00,17.53,85,17.54,1958,54.43,24,54.49,92
2021-09-24 09:46:38.875466-04:00,17.53,85,17.54,1958,54.43,24,54.49,92
2021-09-24 09:46:48.545666-04:00,17.53,85,17.54,1958,54.43,24,54.49,92
2021-09-24 09:46:48.545666-04:00,17.53,85,17.54,1958,54.43,24,54.49,92
2021-09-24 09:46:48.545666-04:00,17.53,85,17.54,1958,54.43,65,54.49,1
2021-09-24 09:46:48.545666-04:00,17.53,85,17.54,1958,54.43,65,54.49,1
2021-09-24 09:46:48.545666-04:00,17.52,170,17.53,1894,54.43,65,54.49,1
2021-09-24 09:46:48.545666-04:00,17.52,170,17.53,1894,54.43,65,54.49,1
2021-09-24 09:46:58.559890-04:00,17.52,170,17.53,1894,54.43,65,54.49,1
2021-09-24 09:46:58.559890-04:00,17.52,170,17.53,1894,54.43,65,54.49,1
2021-09-24 09:46:58.559890-04:00,17.52,170,17.53,1894,54.44,127,54.53,59
2021-09-24 09:47:01.561865-04:00,17.52,170,17.53,1894,54.44,127,54.53,59
2021-09-24 09:47:01.561865-04:00,17.52,170,17.53,1894,54.44,127,54.53,59
2021-09-24 09:47:01.561865-04:00,17.51,537,17.52,1485,54.44,127,54.53,59
2021-09-24 09:47:08.570154-04:00,17.51,537,17.52,1485,54.44,127,54.53,59
2021-09-24 09:47:08.570154-04:00,17.51,537,17.52,1485,54.47,127,54.55,48
2021-09-24 09:47:08.570154-04:00,17.51,537,17.52,1485,54.47,127,54.55,48
2021-09-24 09:47:08.570154-04:00,17.51,289,17.52,1417,54.47,127,54.55,48
2021-09-24 09:47:19.033181-04:00,17.51,289,17.52,1417,54.47,127,54.55,48
2021-09-24 09:47:19.033181-04:00,17.51,289,17.52,1417,54.48,22,54.55,33
2021-09-24 09:47:19.033181-04:00,17.51,289,17.52,1417,54.48,22,54.55,33
2021-09-24 09:47:27.509517-04:00,17.51,289,17.52,1417,54.48,22,54.55,33
2021-09-24 09:47:27.509517-04:00,17.51,289,17.52,1417,54.47,160,54.54,1
2021-09-24 09:47:27.509517-04:00,17.51,302,17.52,1488,54.47,160,54.54,1
2021-09-24 09:47:27.509517-04:00,17.51,302,17.52,1488,54.47,160,54.54,1
2021-09-24 09:47:27.509517-04:00,17.51,302,17.52,1488,54.47,160,54.54,1
2021-09-24 09:47:27.509517-04:00,17.51,302,17.52,1488,54.47,160,54.54,1
2021-09-24 09:47:27.509517-04:00,17.51,302,17.52,1488,54.47,160,54.54,1
2021-09-24 09:47:37.521748-04:00,17.51,302,17.52,1488,54.47,160,54.54,1
2021-09-24 09:47:37.521748-04:00,17.51,596,17.52,1460,54.47,160,54.54,1
2021-09-24 09:47:37.521748-04:00,17.51,596,17.52,1460,54.47,160,54.54,1
2021-09-24 09:47:37.521748-04:00,17.51,596,17.52,1460,54.47,109,54.53,34
2021-09-24 09:47:37.521748-04:00,17.51,596,17.52,1460,54.47,109,54.53,34
2021-09-24 09:47:48.534336-04:00,17.5,396,17.51,1331,54.47,109,54.53,34
2021-09-24 09:47:48.534336-04:00,17.5,396,17.51,1331,54.5,2,54.56,33
2021-09-24 09:47:48.534336-04:00,17.5,396,17.51,1331,54.5,2,54.56,33
2021-09-24 09:47:48.534336-04:00,17.5,396,17.51,1331,54.5,2,54.56,33
2021-09-24 09:47:48.534336-04:00,17.52,300,17.53,1752,54.5,2,54.56,33
2021-09-24 09:47:59.205834-04:00,17.52,300,17.53,1752,54.5,2,54.56,33
2021-09-24 09:47:59.205834-04:00,17.52,300,17.53,1752,54.5,2,54.56,33
2021-09-24 09:47:59.205834-04:00,17.52,300,17.53,1752,54.44,105,54.51,110
2021-09-24 09:47:59.205834-04:00,17.52,300,17.53,1752,54.44,105,54.51,110
2021-09-24 09:47:59.205834-04:00,17.52,434,17.53,1430,54.44,105,54.51,110
2021-09-24 09:48:08.558798-04:00,17.52,434,17.53,1430,54.44,105,54.51,110
2021-09-24 09:48:08.558798-04:00,17.52,434,17.53,1430,54.44,105,54.51,110
2021-09-24 09:48:08.558798-04:00,17.52,434,17.53,1430,54.44,172,54.51,128
2021-09-24 09:48:08.558798-04:00,17.52,434,17.53,1430,54.44,172,54.51,128
2021-09-24 09:48:08.558798-04:00,17.52,434,17.53,1430,54.44,172,54.51,128
2021-09-24 09:48:08.558798-04:00,17.53,548,17.54,1237,54.44,172,54.51,128
2021-09-24 09:48:18.568039-04:00,17.53,548,17.54,1237,54.44,172,54.51,128
2021-09-24 09:48:18.568039-04:00,17.53,548,17.54,1237,54.41,126,54.48,147
2021-09-24 09:48:18.568039-04:00,17.53,548,17.54,1237,54.41,126,54.48,147
2021-09-24 09:48:18.568039-04:00,17.53,548,17.54,1237,54.41,126,54.48,147
2021-09-24 09:48:18.568039-04:00,17.53,190,17.54,1669,54.41,126,54.48,147
2021-09-24 09:48:18.568039-04:00,17.53,190,17.54,1669,54.41,126,54.48,147
2021-09-24 09:48:18.568039-04:00,17.53,190,17.54,1669,54.41,126,54.48,147
2021-09-24 09:48:28.586253-04:00,17.53,190,17.54,1669,54.41,126,54.48,147
2021-09-24 09:48:28.586253-04:00,17.53,190,17.54,1669,54.42,109,54.48,55
2021-09-24 09:48:35.587536-04:00,17.53,190,17.54,1669,54.42,109,54.48,55
2021-09-24 09:48:35.587536-04:00,17.53,190,17.54,1669,54.42,109,54.48,55
2021-09-24 09:48:35.587536-04:00,17.53,190,17.54,1669,54.42,109,54.48,55
2021-09-24 09:48:35.587536-04:00,17.53,381,17.54,1549,54.42,109,54.48,55
2021-09-24 09:48:35.587536-04:00,17.53,381,17.54,1549,54.42,109,54.48,55
2021-09-24 09:48:35.587536-04:00,17.53,381,17.54,1549,54.41,121,54.48,78
2021-09-24 09:48:35.587536-04:00,17.53,381,17.54,1549,54.41,121,54.48,78
2021-09-24 09:48:35.587536-04:00,17.53,381,17.54,1549,54.41,121,54.48,78
2021-09-24 09:48:35.587536-04:00,17.53,381,17.54,1549,54.41,121,54.48,78
2021-09-24 09:48:35.587536-04:00,17.54,779,17.55,1259,54.41,121,54.48,78
2021-09-24 09:48:35.587536-04:00,17.54,779,17.55,1259,54.41,121,54.48,78
2021-09-24 09:48:48.603733-04:00,17.54,779,17.55,1259,54.38,37,54.45,121
2021-09-24 09:48:48.603733-04:00,17.54,779,17.55,1259,54.38,37,54.45,121
2021-09-24 09:48:48.603733-04:00,17.54,779,17.55,1259,54.38,37,54.45,121
2021-09-24 09:48:56.616311-04:00,17.54,779,17.55,1259,54.38,37,54.45,121
2021-09-24 09:48:56.616311-04:00,17.55,235,17.56,1835,54.38,37,54.45,121
2021-09-24 09:48:58.622947-04:00,17.55,235,17.56,1835,54.38,37,54.45,121
2021-09-24 09:48:58.622947-04:00,17.55,235,17.56,1835,54.36,79,54.43,128
2021-09-24 09:48:58.622947-04:00,17.55,235,17.56,1835,54.36,79,54.43,128
2021-09-24 09:49:00.619608-04:00,17.55,235,17.56,1835,54.42,158,54.5,1
2021-09-24 09:49:00.619608-04:00,17.53,94,17.54,2454,54.42,158,54.5,1
2021-09-24 09:49:00.619608-04:00,17.53,94,17.54,2454,54.42,158,54.5,1
2021-09-24 09:49:00.619608-04:00,17.53,94,17.54,2454,54.42,158,54.5,1
2021-09-24 09:49:08.626216-04:00,17.53,94,17.54,2454,54.42,158,54.5,1
2021-09-24 09:49:19.879133-04:00,17.52,1333,17.53,858,54.43,160,54.5,169
2021-09-24 09:49:19.879133-04:00,17.52,1333,17.53,858,54.43,160,54.5,169
2021-09-24 09:49:19.879133-04:00,17.52,1333,17.53,858,54.43,160,54.5,169
2021-09-24 09:49:27.649355-04:00,17.52,1333,17.53,858,54.42,76,54.49,73
2021-09-24 09:49:27.649355-04:00,17.53,83,17.54,2263,54.42,76,54.49,73
2021-09-24 09:49:28.653673-04:00,17.53,83,17.54,2263,54.42,76,54.49,73
2021-09-24 09:49:33.731032-04:00,17.53,83,17.54,2263,54.42,76,54.49,73
2021-09-24 09:49:33.731032-04:00,17.53,83,17.54,2263,54.42,76,54.49,73
2021-09-24 09:49:37.662529-04:00,17.53,83,17.54,2263,54.42,76,54.49,73
2021-09-24 09:49:37.662529-04:00,17.53,83,17.54,2263,54.41,111,54.48,157
2021-09-24 09:49:37.662529-04:00,17.53,578,17.54,1729,54.41,111,54.48,157
2021-09-24 09:49:37.662529-04:00,17.53,578,17.54,1729,54.41,111,54.48,157
2021-09-24 09:49:37.662529-04:00,17.53,578,17.54,1729,54.41,111,54.48,157
2021-09-24 09:49:47.674751-04:00,17.53,578,17.54,1729,54.41,111,54.48,157
2021-09-24 09:49:47.674751-04:00,17.53,578,17.54,1729,54.42,171,54.49,140
2021-09-24 09:49:47.674751-04:00,17.52,2572,17.53,157,54.42,171,54.49,140
2021-09-24 09:49:47.674751-04:00,17.52,2572,17.53,157,54.42,171,54.49,140
2021-09-24 09:49:47.674751-04:00,17.52,2572,17.53,157,54.42,171,54.49,140
2021-09-24 09:50:01.335229-04:00,17.52,2572,17.53,157,54.42,171,54.49,140
2021-09-24 09:50:01.335229-04:00,17.53,2318,17.54,265,54.4,37,54.46,152
2021-09-24 09:50:01.338224-04:00,17.53,2318,17.54,265,54.4,37,54.46,152
2021-09-24 09:50:01.338224-04:00,17.53,2318,17.54,265,54.4,37,54.46,152
2021-09-24 09:50:01.338224-04:00,17.53,2318,17.54,265,54.4,19,54.47,133
2021-09-24 09:50:01.338224-04:00,17.53,1333,17.54,290,54.4,19,54.47,133
2021-09-24 09:50:01.338224-04:00,17.53,1333,17.54,290,54.4,19,54.47,133
2021-09-24 09:50:08.703532-04:00,17.53,1333,17.54,290,54.4,19,54.47,133
2021-09-24 09:50:08.703532-04:00,17.53,1333,17.54,290,54.39,134,54.45,1
2021-09-24 09:50:08.703532-04:00,17.54,561,17.55,2173,54.39,134,54.45,1
2021-09-24 09:50:08.703532-04:00,17.54,561,17.55,2173,54.39,134,54.45,1
2021-09-24 09:50:08.703532-04:00,17.54,561,17.55,2173,54.39,134,54.45,1
2021-09-24 09:50:18.716759-04:00,17.54,561,17.55,2173,54.39,134,54.45,1
2021-09-24 09:50:28.589364-04:00,17.54,561,17.55,2173,54.39,147,54.46,55
2021-09-24 09:50:28.589364-04:00,17.54,279,17.55,2505,54.39,147,54.46,55
2021-09-24 09:50:28.589364-04:00,17.54,279,17.55,2505,54.39,147,54.46,55
2021-09-24 09:50:28.589364-04:00,17.54,279,17.55,2505,54.39,147,54.46,55
2021-09-24 09:50:31.480632-04:00,17.54,279,17.55,2505,54.39,147,54.46,55
2021-09-24 09:50:31.480632-04:00,17.54,279,17.55,2505,54.41,70,54.47,109
2021-09-24 09:50:31.480632-04:00,17.53,1876,17.54,1145,54.41,70,54.47,109
2021-09-24 09:50:42.010483-04:00,17.53,1876,17.54,1145,54.41,70,54.47,109
2021-09-24 09:50:42.010483-04:00,17.53,1876,17.54,1145,54.41,70,54.47,109
2021-09-24 09:50:42.010483-04:00,17.53,2870,17.54,211,54.4,165,54.47,114
2021-09-24 09:50:48.504119-04:00,17.53,2870,17.54,211,54.4,165,54.47,114
2021-09-24 09:50:48.504119-04:00,17.53,2870,17.54,211,54.4,165,54.47,114
2021-09-24 09:50:48.504119-04:00,17.53,2870,17.54,211,54.4,165,54.47,114
2021-09-24 09:50:57.516024-04:00,17.53,2870,17.54,211,54.4,165,54.47,114
2021-09-24 09:50:57.516024-04:00,17.53,2870,17.54,211,54.4,18,54.46,19
2021-09-24 09:50:57.516024-04:00,17.53,2148,17.54,224,54.4,18,54.46,19
2021-09-24 09:50:57.516024-04:00,17.53,2495,17.54,230,54.4,70,54.47,73
2021-09-24 09:50:57.516024-04:00,17.53,2495,17.54,230,54.4,70,54.47,73
2021-09-24 09:50:57.516024-04:00,17.53,2495,17.54,230,54.4,70,54.47,73
2021-09-24 09:51:09.018274-04:00,17.53,2495,17.54,230,54.4,70,54.47,73
2021-09-24 09:51:09.018274-04:00,17.53,2495,17.54,230,54.4,58,54.47,73
2021-09-24 09:51:09.018274-04:00,17.53,2495,17.54,230,54.4,58,54.47,73
2021-09-24 09:51:16.639896-04:00,17.53,2495,17.54,230,54.4,58,54.47,73
2021-09-24 09:51:16.639896-04:00,17.53,2718,17.54,349,54.4,58,54.47,73
2021-09-24 09:51:16.639896-04:00,17.53,2718,17.54,349,54.43,30,54.5,38
2021-09-24 09:51:16.639896-04:00,17.53,83,17.54,2668,54.43,30,54.5,38
2021-09-24 09:51:16.639896-04:00,17.53,83,17.54,2668,54.43,30,54.5,38
2021-09-24 09:51:16.639896-04:00,17.53,83,17.54,2668,54.43,30,54.5,38
2021-09-24 09:51:28.611557-04:00,17.53,83,17.54,2668,54.43,30,54.5,38
2021-09-24 09:51:28.611557-04:00,17.53,83,17.54,2668,54.43,30,54.5,38
2021-09-24 09:51:28.611557-04:00,17.53,83,17.54,2668,54.44,20,54.5,47
2021-09-24 09:51:28.611557-04:00,17.52,710,17.53,2175,54.44,20,54.5,47
2021-09-24 09:51:38.664680-04:00,17.52,710,17.53,2175,54.44,20,54.5,47
2021-09-24 09:51:49.464806-04:00,17.52,710,17.53,2175,54.44,20,54.5,47
2021-09-24 09:51:49.464806-04:00,17.52,710,17.53,2175,54.44,140,54.51,145
2021-09-24 09:51:49.464806-04:00,17.52,710,17.53,2175,54.44,140,54.51,145
2021-09-24 09:51:49.464806-04:00,17.52,710,17.53,2175,54.44,140,54.51,145
2021-09-24 09:51:49.464806-04:00,17.52,473,17.53,2389,54.44,140,54.51,145
2021-09-24 09:51:49.464806-04:00,17.52,473,17.53,2389,54.44,140,54.51,145
2021-09-24 09:51:55.576466-04:00,17.52,473,17.53,2389,54.44,140,54.51,145
2021-09-24 09:51:55.576466-04:00,17.52,473,17.53,2389,54.44,67,54.5,24
2021-09-24 09:51:55.576466-04:00,17.52,696,17.53,2095,54.44,67,54.5,24
2021-09-24 09:51:55.576466-04:00,17.52,696,17.53,2095,54.44,67,54.5,24
2021-09-24 09:51:55.576466-04:00,17.52,696,17.53,2095,54.44,67,54.5,24
2021-09-24 09:51:55.576466-04:00,17.52,696,17.53,2095,54.44,67,54.5,24
2021-09-24 09:51:55.576466-04:00,17.52,696,17.53,2095,54.44,67,54.5,24
2021-09-24 09:51:55.576466-04:00,17.52,696,17.53,2095,54.44,67,54.5,24
2021-09-24 09:51:55.576466-04:00,17.52,696,17.53,2095,54.44,67,54.5,24
2021-09-24 09:51:55.576466-04:00,17.52,696,17.53,2095,54.45,31,54.51,109
2021-09-24 09:51:55.576466-04:00,17.52,436,17.53,2159,54.45,31,54.51,109
2021-09-24 09:52:08.590724-04:00,17.52,436,17.53,2159,54.45,31,54.51,109
2021-09-24 09:52:08.590724-04:00,17.52,436,17.53,2159,54.44,175,54.51,111
2021-09-24 09:52:08.590724-04:00,17.52,436,17.53,2159,54.44,175,54.51,111
2021-09-24 09:52:08.590724-04:00,17.52,647,17.53,1678,54.44,175,54.51,111
2021-09-24 09:52:08.590724-04:00,17.52,647,17.53,1678,54.44,175,54.51,111
2021-09-24 09:52:18.604953-04:00,17.52,647,17.53,1678,54.44,175,54.51,111
2021-09-24 09:52:20.605601-04:00,17.52,647,17.53,1678,54.44,175,54.51,111
2021-09-24 09:52:20.605601-04:00,17.52,647,17.53,1678,54.44,128,54.51,110
2021-09-24 09:52:20.605601-04:00,17.52,647,17.53,1678,54.44,128,54.51,110
2021-09-24 09:52:20.605601-04:00,17.52,647,17.53,1678,54.44,128,54.51,110
2021-09-24 09:52:20.605601-04:00,17.52,553,17.53,1830,54.44,128,54.51,110
2021-09-24 09:52:20.605601-04:00,17.52,553,17.53,1830,54.45,49,54.51,20
2021-09-24 09:52:36.532021-04:00,17.52,553,17.53,1830,54.45,49,54.51,20
2021-09-24 09:52:36.532021-04:00,17.51,3234,17.52,288,54.45,49,54.51,20
2021-09-24 09:52:43.468475-04:00,17.51,3234,17.52,288,54.45,49,54.51,20
2021-09-24 09:52:43.468475-04:00,17.51,3234,17.52,288,54.45,49,54.51,20
2021-09-24 09:52:45.543926-04:00,17.51,3234,17.52,288,54.44,2,54.5,129
2021-09-24 09:52:45.543926-04:00,17.52,1193,17.53,1480,54.44,2,54.5,129
2021-09-24 09:52:45.543926-04:00,17.52,1193,17.53,1480,54.44,2,54.5,129
2021-09-24 09:52:58.556791-04:00,17.52,1193,17.53,1480,54.38,54,54.48,127
2021-09-24 09:52:58.556791-04:00,17.52,3154,17.53,15,54.38,54,54.48,127
2021-09-24 09:52:58.556791-04:00,17.52,3154,17.53,15,54.38,54,54.48,127
2021-09-24 09:52:58.556791-04:00,17.52,3154,17.53,15,54.38,54,54.48,127
2021-09-24 09:52:58.557789-04:00,17.52,3154,17.53,15,54.38,54,54.48,127
2021-09-24 09:53:10.496872-04:00,17.53,1639,17.54,1434,54.38,54,54.48,127
2021-09-24 09:53:10.496872-04:00,17.53,1639,17.54,1434,54.41,53,54.47,20
2021-09-24 09:53:15.669040-04:00,17.53,1639,17.54,1434,54.41,53,54.47,20
2021-09-24 09:53:15.669040-04:00,17.53,1639,17.54,1434,54.41,53,54.47,20
2021-09-24 09:53:15.669040-04:00,17.53,1639,17.54,1434,54.37,123,54.44,109
2021-09-24 09:53:15.669040-04:00,17.54,908,17.55,1547,54.37,123,54.44,109
2021-09-24 09:53:15.669040-04:00,17.54,908,17.55,1547,54.37,123,54.44,109
2021-09-24 09:53:18.725869-04:00,17.54,908,17.55,1547,54.37,123,54.44,109
2021-09-24 09:53:18.725869-04:00,17.54,908,17.55,1547,54.37,123,54.44,109
2021-09-24 09:53:18.725869-04:00,17.54,908,17.55,1547,54.37,123,54.44,109
2021-09-24 09:53:18.725869-04:00,17.54,908,17.55,1547,54.38,2,54.43,20
2021-09-24 09:53:28.647344-04:00,17.54,1829,17.55,224,54.38,2,54.43,20
2021-09-24 09:53:28.647344-04:00,17.54,1829,17.55,224,54.38,2,54.43,20
2021-09-24 09:53:28.647344-04:00,17.54,1829,17.55,224,54.38,2,54.43,167
2021-09-24 09:53:28.647344-04:00,17.55,438,17.56,1871,54.38,2,54.43,167
2021-09-24 09:53:28.647344-04:00,17.55,438,17.56,1871,54.38,2,54.43,167
2021-09-24 09:53:28.647344-04:00,17.55,438,17.56,1871,54.38,2,54.43,167
2021-09-24 09:53:38.569814-04:00,17.55,438,17.56,1871,54.38,2,54.43,167
2021-09-24 09:53:38.569814-04:00,17.55,438,17.56,1871,54.38,2,54.43,167
2021-09-24 09:53:38.569814-04:00,17.55,438,17.56,1871,54.38,2,54.43,167
2021-09-24 09:53:50.715343-04:00,17.54,795,17.55,2646,54.38,2,54.43,167
2021-09-24 09:53:50.715343-04:00,17.54,795,17.55,2646,54.38,39,54.44,33
2021-09-24 09:53:50.715343-04:00,17.54,795,17.55,2646,54.38,39,54.44,33
2021-09-24 09:53:50.715343-04:00,17.54,795,17.55,2646,54.38,39,54.44,33
2021-09-24 09:53:50.715343-04:00,17.54,795,17.55,2646,54.38,39,54.44,33
2021-09-24 09:53:57.717620-04:00,17.54,795,17.55,2646,54.38,39,54.44,33
2021-09-24 09:53:57.717620-04:00,17.55,3697,17.56,308,54.32,3,54.4,137
2021-09-24 09:53:57.717620-04:00,17.55,3697,17.56,308,54.32,3,54.4,137
2021-09-24 09:54:06.478197-04:00,17.55,3697,17.56,308,54.32,3,54.4,137
2021-09-24 09:54:06.478197-04:00,17.55,3697,17.56,308,54.34,115,54.4,96
2021-09-24 09:54:06.478197-04:00,17.55,3697,17.56,308,54.34,115,54.4,96
2021-09-24 09:54:06.478197-04:00,17.55,3655,17.56,374,54.34,115,54.4,96
2021-09-24 09:54:11.485810-04:00,17.56,2428,17.57,320,54.29,21,54.37,133
2021-09-24 09:54:11.485810-04:00,17.56,2428,17.57,320,54.29,21,54.37,133
2021-09-24 09:54:11.485810-04:00,17.56,2428,17.57,320,54.29,21,54.37,133
2021-09-24 09:54:18.745400-04:00,17.56,2428,17.57,320,54.29,21,54.37,133
2021-09-24 09:54:18.745400-04:00,17.56,2428,17.57,320,54.29,21,54.37,133
2021-09-24 09:54:18.745400-04:00,17.57,2492,17.58,1452,54.28,75,54.34,138
2021-09-24 09:54:31.015245-04:00,17.57,2492,17.58,1452,54.28,75,54.34,138
2021-09-24 09:54:35.517585-04:00,17.57,2492,17.58,1452,54.28,75,54.34,138
2021-09-24 09:54:35.517585-04:00,17.56,2098,17.57,1084,54.28,75,54.34,138
2021-09-24 09:54:35.517585-04:00,17.56,2098,17.57,1084,54.3,166,54.37,19
2021-09-24 09:54:38.521552-04:00,17.56,2098,17.57,1084,54.3,166,54.37,19
2021-09-24 09:54:38.521552-04:00,17.56,1828,17.57,1324,54.31,150,54.37,2
2021-09-24 09:54:48.535946-04:00,17.56,1828,17.57,1324,54.31,150,54.37,2
2021-09-24 09:54:48.535946-04:00,17.56,1828,17.57,1324,54.31,150,54.37,2
2021-09-24 09:54:48.535946-04:00,17.56,1828,17.57,1324,54.31,150,54.37,2
2021-09-24 09:54:57.794377-04:00,17.56,1828,17.57,1324,54.31,150,54.37,2
2021-09-24 09:54:57.794377-04:00,17.56,1828,17.57,1324,54.31,150,54.37,2
2021-09-24 09:54:57.794377-04:00,17.57,901,17.58,2390,54.31,150,54.37,2
2021-09-24 09:54:57.794377-04:00,17.57,901,17.58,2390,54.29,128,54.36,159
2021-09-24 09:54:58.549357-04:00,17.57,901,17.58,2390,54.29,128,54.36,159
2021-09-24 09:54:58.549357-04:00,17.57,901,17.58,2390,54.29,128,54.36,159
2021-09-24 09:55:05.731156-04:00,17.57,901,17.58,2390,54.29,128,54.36,159
2021-09-24 09:55:05.731156-04:00,17.57,507,17.58,2543,54.29,161,54.36,97
2021-09-24 09:55:11.191559-04:00,17.57,507,17.58,2543,54.29,161,54.36,97
2021-09-24 09:55:11.191559-04:00,17.57,507,17.58,2543,54.29,161,54.36,97
2021-09-24 09:55:11.191559-04:00,17.57,507,17.58,2543,54.29,161,54.36,97
2021-09-24 09:55:11.191559-04:00,17.57,497,17.58,2555,54.29,161,54.36,97
2021-09-24 09:55:11.191559-04:00,17.57,497,17.58,2555,54.3,110,54.36,96
2021-09-24 09:55:18.707464-04:00,17.57,497,17.58,2555,54.3,110,54.36,96
2021-09-24 09:55:18.707464-04:00,17.56,2726,17.57,1040,54.3,109,54.37,153
2021-09-24 09:55:27.705406-04:00,17.56,2726,17.57,1040,54.3,109,54.37,153
2021-09-24 09:55:27.705406-04:00,17.56,2726,17.57,1040,54.3,109,54.37,153
2021-09-24 09:55:27.705406-04:00,17.56,2091,17.57,1301,54.3,109,54.37,153
2021-09-24 09:55:27.705406-04:00,17.56,2091,17.57,1301,54.31,127,54.37,122
2021-09-24 09:55:38.140063-04:00,17.56,2091,17.57,1301,54.31,127,54.37,122
2021-09-24 09:55:38.140063-04:00,17.56,2091,17.57,1301,54.31,127,54.37,122
2021-09-24 09:55:43.691260-04:00,17.56,2091,17.57,1301,54.31,127,54.37,122
2021-09-24 09:55:43.691260-04:00,17.56,2091,17.57,1301,54.31,126,54.36,24
2021-09-24 09:55:47.696554-04:00,17.56,2091,17.57,1301,54.31,126,54.36,24
2021-09-24 09:55:47.696554-04:00,17.56,2445,17.57,1205,54.31,126,54.36,24
2021-09-24 09:55:47.696554-04:00,17.56,2445,17.57,1205,54.31,126,54.36,24
2021-09-24 09:55:47.696554-04:00,17.56,2445,17.57,1205,54.3,126,54.36,132
2021-09-24 09:55:47.696554-04:00,17.56,2445,17.57,1205,54.3,126,54.36,132
2021-09-24 09:55:47.696554-04:00,17.56,2445,17.57,1205,54.3,126,54.36,132
2021-09-24 09:55:57.545109-04:00,17.56,2445,17.57,1205,54.3,126,54.36,132
2021-09-24 09:55:57.545109-04:00,17.57,355,17.58,2841,54.3,126,54.36,132
2021-09-24 09:56:05.111877-04:00,17.57,355,17.58,2841,54.3,126,54.36,132
2021-09-24 09:56:05.111877-04:00,17.57,355,17.58,2841,54.3,126,54.36,132
2021-09-24 09:56:05.111877-04:00,17.57,1849,17.58,884,54.3,126,54.36,132
2021-09-24 09:56:05.111877-04:00,17.57,1849,17.58,884,54.27,73,54.34,124
2021-09-24 09:56:05.111877-04:00,17.57,1849,17.58,884,54.27,73,54.34,124
2021-09-24 09:56:05.111877-04:00,17.57,2365,17.58,754,54.27,73,54.34,124
2021-09-24 09:56:05.111877-04:00,17.57,2365,17.58,754,54.28,115,54.34,115
2021-09-24 09:56:18.569895-04:00,17.57,2365,17.58,754,54.28,115,54.34,115
2021-09-24 09:56:18.569895-04:00,17.57,2365,17.58,754,54.28,115,54.34,115
2021-09-24 09:56:19.570222-04:00,17.57,1702,17.58,760,54.28,115,54.34,115
2021-09-24 09:56:23.575533-04:00,17.57,1702,17.58,760,54.28,115,54.34,115
2021-09-24 09:56:23.575533-04:00,17.57,1702,17.58,760,54.28,102,54.34,44
2021-09-24 09:56:23.575533-04:00,17.57,1702,17.58,760,54.28,102,54.34,44
2021-09-24 09:56:23.575533-04:00,17.57,1702,17.58,760,54.28,102,54.34,44
2021-09-24 09:56:23.575533-04:00,17.57,1702,17.58,760,54.28,102,54.34,44
2021-09-24 09:56:34.589066-04:00,17.57,1702,17.58,760,54.28,102,54.34,44
2021-09-24 09:56:34.589066-04:00,17.58,392,17.59,3072,54.28,102,54.34,44
2021-09-24 09:56:34.589066-04:00,17.58,392,17.59,3072,54.28,36,54.33,18
2021-09-24 09:56:34.589066-04:00,17.58,392,17.59,3072,54.28,36,54.33,18
2021-09-24 09:56:34.589066-04:00,17.58,392,17.59,3072,54.25,34,54.31,114
2021-09-24 09:56:34.589066-04:00,17.58,1451,17.59,1689,54.25,34,54.31,114
2021-09-24 09:56:34.589066-04:00,17.58,1451,17.59,1689,54.25,34,54.31,114
2021-09-24 09:56:34.589066-04:00,17.58,1451,17.59,1689,54.25,34,54.31,114
2021-09-24 09:56:34.589066-04:00,17.58,1451,17.59,1689,54.25,34,54.31,114
2021-09-24 09:56:48.608583-04:00,17.58,1451,17.59,1689,54.25,34,54.31,114
2021-09-24 09:56:48.608583-04:00,17.58,1451,17.59,1689,54.25,1,54.29,144
2021-09-24 09:56:48.608583-04:00,17.59,1062,17.6,904,54.25,1,54.29,144
2021-09-24 09:56:48.608583-04:00,17.59,1062,17.6,904,54.25,1,54.29,144
2021-09-24 09:56:48.608583-04:00,17.59,1062,17.6,904,54.25,1,54.29,144
2021-09-24 09:56:48.608583-04:00,17.59,1062,17.6,904,54.25,1,54.29,144
2021-09-24 09:56:59.015762-04:00,17.59,1062,17.6,904,54.25,1,54.29,144
2021-09-24 09:56:59.015762-04:00,17.59,1062,17.6,904,54.25,1,54.29,144
2021-09-24 09:56:59.015762-04:00,17.59,1062,17.6,904,54.25,1,54.29,144
2021-09-24 09:56:59.015762-04:00,17.59,1062,17.6,904,54.25,1,54.29,144
2021-09-24 09:56:59.015762-04:00,17.59,1062,17.6,904,54.25,6,54.29,127
2021-09-24 09:57:04.625760-04:00,17.59,1062,17.6,904,54.25,6,54.29,127
2021-09-24 09:57:04.625760-04:00,17.59,499,17.6,2403,54.25,6,54.29,127
2021-09-24 09:57:04.625760-04:00,17.59,499,17.6,2403,54.25,6,54.29,127
2021-09-24 09:57:04.625760-04:00,17.59,499,17.6,2403,54.25,6,54.29,127
2021-09-24 09:57:04.625760-04:00,17.59,499,17.6,2403,54.25,6,54.29,127
2021-09-24 09:57:04.625760-04:00,17.59,499,17.6,2403,54.25,6,54.29,127
2021-09-24 09:57:04.625760-04:00,17.58,2193,17.59,1141,54.25,6,54.29,127
2021-09-24 09:57:04.625760-04:00,17.58,2193,17.59,1141,54.25,1,54.3,18
2021-09-24 09:57:18.643283-04:00,17.58,2193,17.59,1141,54.25,1,54.3,18
2021-09-24 09:57:18.643283-04:00,17.58,2193,17.59,1141,54.25,1,54.3,18
2021-09-24 09:57:18.643283-04:00,17.58,2193,17.59,1141,54.25,1,54.3,18
2021-09-24 09:57:26.651871-04:00,17.58,2193,17.59,1141,54.25,1,54.3,18
2021-09-24 09:57:26.651871-04:00,17.58,1601,17.59,1081,54.25,1,54.3,108
2021-09-24 09:57:26.651871-04:00,17.58,1601,17.59,1081,54.25,1,54.3,108
2021-09-24 09:57:26.651871-04:00,17.58,1601,17.59,1081,54.25,1,54.3,108
2021-09-24 09:57:39.324990-04:00,17.58,305,17.59,2385,54.26,19,54.32,109
2021-09-24 09:57:39.324990-04:00,17.58,305,17.59,2385,54.26,19,54.32,109
2021-09-24 09:57:39.324990-04:00,17.58,305,17.59,2385,54.26,19,54.32,109
2021-09-24 09:57:39.324990-04:00,17.58,305,17.59,2385,54.26,19,54.32,109
2021-09-24 09:57:39.324990-04:00,17.58,2107,17.59,1145,54.26,19,54.32,109
2021-09-24 09:57:39.324990-04:00,17.58,2107,17.59,1145,54.25,6,54.3,126
2021-09-24 09:57:48.562378-04:00,17.58,2107,17.59,1145,54.25,6,54.3,126
2021-09-24 09:57:48.562378-04:00,17.58,2107,17.59,1145,54.25,6,54.3,126
2021-09-24 09:57:48.562378-04:00,17.58,2107,17.59,1145,54.25,6,54.3,126
2021-09-24 09:57:55.623498-04:00,17.58,2107,17.59,1145,54.25,6,54.3,126
2021-09-24 09:57:55.623498-04:00,17.58,3716,17.59,170,54.25,1,54.29,127
2021-09-24 09:57:55.623498-04:00,17.58,3716,17.59,170,54.25,1,54.29,127
2021-09-24 09:57:59.628818-04:00,17.58,3716,17.59,170,54.25,1,54.29,127
2021-09-24 09:57:59.628818-04:00,17.58,3716,17.59,170,54.25,1,54.29,127
2021-09-24 09:57:59.628818-04:00,17.59,967,17.6,2370,54.25,1,54.29,127
2021-09-24 09:58:08.640697-04:00,17.59,967,17.6,2370,54.22,73,54.29,145
2021-09-24 09:58:08.640697-04:00,17.59,967,17.6,2370,54.22,73,54.29,145
2021-09-24 09:58:08.640697-04:00,17.59,967,17.6,2370,54.22,73,54.29,145
2021-09-24 09:58:08.640697-04:00,17.59,592,17.6,2054,54.22,73,54.29,145
2021-09-24 09:58:08.640697-04:00,17.59,592,17.6,2054,54.22,36,54.28,90
2021-09-24 09:58:08.640697-04:00,17.59,592,17.6,2054,54.22,36,54.28,90
2021-09-24 09:58:08.640697-04:00,17.59,592,17.6,2054,54.22,36,54.28,90
2021-09-24 09:58:19.626325-04:00,17.59,592,17.6,2054,54.22,36,54.28,90
2021-09-24 09:58:19.626325-04:00,17.59,592,17.6,2054,54.22,36,54.28,90
2021-09-24 09:58:22.657221-04:00,17.59,592,17.6,2054,54.22,15,54.26,36
2021-09-24 09:58:24.659869-04:00,17.59,592,17.6,2054,54.22,15,54.26,36
2021-09-24 09:58:24.659869-04:00,17.59,2685,17.6,844,54.22,15,54.26,36
2021-09-24 09:58:24.659869-04:00,17.59,2685,17.6,844,54.22,15,54.26,36
2021-09-24 09:58:33.087336-04:00,17.59,2685,17.6,844,54.22,15,54.26,36
2021-09-24 09:58:33.087336-04:00,17.59,2685,17.6,844,54.22,15,54.26,36
2021-09-24 09:58:33.087336-04:00,17.59,2685,17.6,844,54.19,21,54.26,90
2021-09-24 09:58:33.087336-04:00,17.59,2650,17.6,544,54.19,21,54.26,90
2021-09-24 09:58:38.676394-04:00,17.59,2650,17.6,544,54.19,21,54.26,90
2021-09-24 09:58:38.676394-04:00,17.59,2650,17.6,544,54.19,21,54.26,90
2021-09-24 09:58:38.676394-04:00,17.59,2650,17.6,544,54.19,21,54.26,90
2021-09-24 09:58:46.684980-04:00,17.59,2650,17.6,544,54.19,21,54.26,90
2021-09-24 09:58:46.684980-04:00,17.59,2650,17.6,544,54.19,139,54.25,55
2021-09-24 09:58:46.684980-04:00,17.59,3521,17.6,324,54.19,139,54.25,55
2021-09-24 09:58:46.684980-04:00,17.59,3521,17.6,324,54.19,139,54.25,55
2021-09-24 09:58:54.695206-04:00,17.59,3521,17.6,324,54.19,139,54.25,91
2021-09-24 09:58:54.695206-04:00,17.59,3521,17.6,324,54.19,139,54.25,91
2021-09-24 09:58:59.991054-04:00,17.6,1358,17.61,933,54.19,139,54.25,91
2021-09-24 09:59:05.747371-04:00,17.6,1358,17.61,933,54.22,140,54.28,36
2021-09-24 09:59:05.747371-04:00,17.59,1117,17.6,1860,54.22,140,54.28,36
2021-09-24 09:59:05.747371-04:00,17.59,1117,17.6,1860,54.22,140,54.28,36
2021-09-24 09:59:08.712445-04:00,17.59,1117,17.6,1860,54.22,140,54.28,36
2021-09-24 09:59:08.712445-04:00,17.59,1117,17.6,1860,54.22,140,54.28,36
2021-09-24 09:59:08.712445-04:00,17.59,1117,17.6,1860,54.22,140,54.28,36
2021-09-24 09:59:08.712445-04:00,17.59,1117,17.6,1860,54.22,140,54.28,36
2021-09-24 09:59:17.473021-04:00,17.59,1117,17.6,1860,54.22,140,54.28,36
2021-09-24 09:59:17.473021-04:00,17.59,1117,17.6,1860,54.21,2,54.27,109
2021-09-24 09:59:17.473021-04:00,17.59,1191,17.6,712,54.21,2,54.27,109
2021-09-24 09:59:17.473021-04:00,17.59,1191,17.6,712,54.21,2,54.27,109
2021-09-24 09:59:26.890842-04:00,17.59,1191,17.6,712,54.21,2,54.27,109
2021-09-24 09:59:26.890842-04:00,17.58,699,17.59,2445,54.25,142,54.31,6
2021-09-24 09:59:28.736907-04:00,17.58,699,17.59,2445,54.25,142,54.31,6
2021-09-24 09:59:28.736907-04:00,17.58,699,17.59,2445,54.25,142,54.31,6
2021-09-24 09:59:28.736907-04:00,17.58,699,17.59,2445,54.23,1,54.28,13
2021-09-24 09:59:40.350856-04:00,17.58,699,17.59,2445,54.23,1,54.28,13
2021-09-24 09:59:40.350856-04:00,17.58,3612,17.59,177,54.23,1,54.28,13
2021-09-24 09:59:40.350856-04:00,17.58,3612,17.59,177,54.23,1,54.28,13
2021-09-24 09:59:40.350856-04:00,17.58,3094,17.59,298,54.24,16,54.29,97
2021-09-24 09:59:48.510041-04:00,17.58,3094,17.59,298,54.24,16,54.29,97
2021-09-24 09:59:55.518302-04:00,17.58,886,17.59,670,54.24,110,54.3,112
2021-09-24 09:59:55.518302-04:00,17.58,886,17.59,670,54.24,110,54.3,112
2021-09-24 09:59:58.522278-04:00,17.58,886,17.59,670,54.24,110,54.3,112
2021-09-24 09:59:58.522278-04:00,17.58,886,17.59,670,54.25,165,54.31,12
2021-09-24 09:59:58.522278-04:00,17.58,610,17.59,1852,54.25,165,54.31,12
2021-09-24 09:59:58.522278-04:00,17.58,610,17.59,1852,54.25,165,54.31,12
2021-09-24 10:00:08.535499-04:00,17.58,610,17.59,1852,54.25,165,54.31,12
2021-09-24 10:00:20.822651-04:00,17.58,1023,17.59,784,54.24,2,54.31,155
2021-09-24 10:00:20.822651-04:00,17.58,1023,17.59,784,54.24,2,54.31,155
2021-09-24 10:00:20.822651-04:00,17.58,1023,17.59,784,54.24,2,54.31,155
2021-09-24 10:00:20.822651-04:00,17.58,1023,17.59,784,54.23,2,54.29,61
2021-09-24 10:00:20.822651-04:00,17.58,3351,17.59,360,54.23,2,54.29,61
2021-09-24 10:00:20.822651-04:00,17.58,3351,17.59,360,54.23,2,54.29,61
2021-09-24 10:00:28.559965-04:00,17.58,3351,17.59,360,54.23,2,54.29,61
2021-09-24 10:00:36.567553-04:00,17.58,3351,17.59,360,54.23,2,54.29,61
2021-09-24 10:00:36.567553-04:00,17.58,3351,17.59,360,54.22,127,54.28,85
2021-09-24 10:00:36.567553-04:00,17.59,1324,17.6,2079,54.22,127,54.28,85
2021-09-24 10:00:36.567553-04:00,17.59,1324,17.6,2079,54.22,127,54.28,85
2021-09-24 10:00:36.567553-04:00,17.59,1324,17.6,2079,54.22,127,54.28,85
2021-09-24 10:00:36.567553-04:00,17.59,1324,17.6,2079,54.22,127,54.28,85
2021-09-24 10:00:36.567553-04:00,17.59,1324,17.6,2079,54.22,127,54.28,85
2021-09-24 10:00:36.567553-04:00,17.59,1324,17.6,2079,54.22,127,54.28,85
2021-09-24 10:00:47.798526-04:00,17.59,1324,17.6,2079,54.22,127,54.28,85
2021-09-24 10:00:47.798526-04:00,17.59,1324,17.6,2079,54.21,149,54.28,124
2021-09-24 10:00:47.798526-04:00,17.59,1116,17.6,2151,54.21,149,54.28,124
2021-09-24 10:00:47.798526-04:00,17.59,1116,17.6,2151,54.21,149,54.28,124
2021-09-24 10:00:47.798526-04:00,17.59,1116,17.6,2151,54.21,149,54.28,124
2021-09-24 10:00:57.592341-04:00,17.59,1116,17.6,2151,54.22,171,54.28,87
2021-09-24 10:00:57.592341-04:00,17.59,777,17.6,2493,54.22,171,54.28,87
2021-09-24 10:00:57.592341-04:00,17.59,777,17.6,2493,54.22,171,54.28,87
2021-09-24 10:00:57.592341-04:00,17.59,777,17.6,2493,54.22,171,54.28,87
2021-09-24 10:01:06.602714-04:00,17.59,777,17.6,2493,54.22,171,54.28,87
2021-09-24 10:01:06.602714-04:00,17.59,777,17.6,2493,54.21,57,54.27,115
2021-09-24 10:01:06.602714-04:00,17.59,1415,17.6,1738,54.21,57,54.27,115
2021-09-24 10:01:06.602714-04:00,17.59,1415,17.6,1738,54.21,57,54.27,115
2021-09-24 10:01:06.602714-04:00,17.59,1415,17.6,1738,54.21,57,54.27,115
2021-09-24 10:01:06.602714-04:00,17.59,1415,17.6,1738,54.21,57,54.27,115
2021-09-24 10:01:17.615272-04:00,17.59,1415,17.6,1738,54.21,57,54.27,115
2021-09-24 10:01:17.615272-04:00,17.59,1415,17.6,1738,54.21,110,54.27,31
2021-09-24 10:01:17.615272-04:00,17.59,1458,17.6,1073,54.21,110,54.27,31
2021-09-24 10:01:17.615272-04:00,17.59,1458,17.6,1073,54.21,110,54.27,31
2021-09-24 10:01:17.615272-04:00,17.59,1458,17.6,1073,54.25,11,54.31,31
2021-09-24 10:01:28.627826-04:00,17.59,1458,17.6,1073,54.25,11,54.31,31
2021-09-24 10:01:28.627826-04:00,17.58,783,17.59,2305,54.25,11,54.31,31
2021-09-24 10:01:28.627826-04:00,17.58,783,17.59,2305,54.25,11,54.31,31
2021-09-24 10:01:28.627826-04:00,17.58,783,17.59,2305,54.26,139,54.32,106
2021-09-24 10:01:41.686913-04:00,17.58,783,17.59,2305,54.26,139,54.32,106
2021-09-24 10:01:41.686913-04:00,17.57,2942,17.58,574,54.26,139,54.32,106
2021-09-24 10:01:41.686913-04:00,17.57,2942,17.58,574,54.26,139,54.32,106
2021-09-24 10:01:45.652309-04:00,17.57,2942,17.58,574,54.26,139,54.32,106
2021-09-24 10:01:45.652309-04:00,17.57,2942,17.58,574,54.26,139,54.32,106
2021-09-24 10:01:45.652309-04:00,17.57,2942,17.58,574,54.26,110,54.32,127
2021-09-24 10:01:45.652309-04:00,17.57,3174,17.58,176,54.26,110,54.32,127
2021-09-24 10:01:57.668480-04:00,17.57,3174,17.58,176,54.29,138,54.45,39
2021-09-24 10:01:57.668480-04:00,17.57,3174,17.58,176,54.29,138,54.45,39
2021-09-24 10:01:57.668480-04:00,17.56,1780,17.57,1106,54.29,138,54.45,39
2021-09-24 10:01:57.668480-04:00,17.56,1780,17.57,1106,54.28,4,54.34,56
2021-09-24 10:02:08.685029-04:00,17.56,1780,17.57,1106,54.28,4,54.34,56
2021-09-24 10:02:08.685029-04:00,17.57,930,17.58,1500,54.28,4,54.34,56
2021-09-24 10:02:08.685029-04:00,17.57,930,17.58,1500,54.28,4,54.34,56
2021-09-24 10:02:17.696820-04:00,17.57,930,17.58,1500,54.28,4,54.34,56
2021-09-24 10:02:17.696820-04:00,17.57,3775,17.58,281,54.26,52,54.32,109
2021-09-24 10:02:17.696820-04:00,17.57,3775,17.58,281,54.26,52,54.32,109
2021-09-24 10:02:17.696820-04:00,17.57,3775,17.58,281,54.24,43,54.3,127
2021-09-24 10:02:28.711369-04:00,17.58,2366,17.59,1025,54.24,43,54.3,127
2021-09-24 10:02:28.711369-04:00,17.58,2366,17.59,1025,54.24,43,54.3,127
2021-09-24 10:02:28.711369-04:00,17.58,2366,17.59,1025,54.24,43,54.3,127
2021-09-24 10:02:28.711369-04:00,17.58,2366,17.59,1025,54.24,43,54.3,127
2021-09-24 10:02:28.711369-04:00,17.58,2366,17.59,1025,54.19,165,54.25,72
2021-09-24 10:02:37.723277-04:00,17.58,2366,17.59,1025,54.19,165,54.25,72
2021-09-24 10:02:37.723277-04:00,17.59,4139,17.6,376,54.19,165,54.25,72
2021-09-24 10:02:37.723277-04:00,17.59,4139,17.6,376,54.19,165,54.25,72
2021-09-24 10:02:37.723277-04:00,17.59,4139,17.6,376,54.19,165,54.25,72
2021-09-24 10:02:37.723277-04:00,17.59,3333,17.6,550,54.2,95,54.25,33
2021-09-24 10:02:48.827589-04:00,17.59,3333,17.6,550,54.2,95,54.25,33
2021-09-24 10:02:48.827589-04:00,17.59,3333,17.6,550,54.2,95,54.25,33
2021-09-24 10:02:48.827589-04:00,17.59,3333,17.6,550,54.2,95,54.25,33
2021-09-24 10:02:48.827589-04:00,17.59,3333,17.6,550,54.2,95,54.25,33
2021-09-24 10:02:57.499404-04:00,17.59,3333,17.6,550,54.2,95,54.25,33
2021-09-24 10:02:57.499404-04:00,17.59,3333,17.6,550,54.2,95,54.25,33
2021-09-24 10:02:57.499404-04:00,17.59,3333,17.6,550,54.22,121,54.28,144
2021-09-24 10:02:57.499404-04:00,17.59,971,17.6,2112,54.22,121,54.28,144
2021-09-24 10:02:57.499404-04:00,17.59,971,17.6,2112,54.22,121,54.28,144
2021-09-24 10:02:57.499404-04:00,17.59,971,17.6,2112,54.17,57,54.23,145
2021-09-24 10:02:57.499404-04:00,17.59,971,17.6,2112,54.17,57,54.23,145
2021-09-24 10:03:08.515948-04:00,17.59,971,17.6,2112,54.17,57,54.23,145
2021-09-24 10:03:08.515948-04:00,17.6,3841,17.61,642,54.17,57,54.23,145
2021-09-24 10:03:08.515948-04:00,17.6,3841,17.61,642,54.17,57,54.23,145
2021-09-24 10:03:08.515948-04:00,17.6,3841,17.61,642,54.17,57,54.23,145
2021-09-24 10:03:15.794491-04:00,17.6,3841,17.61,642,54.17,57,54.23,145
2021-09-24 10:03:15.794491-04:00,17.6,3841,17.61,642,54.17,57,54.23,145
2021-09-24 10:03:18.529178-04:00,17.6,3841,17.61,642,54.15,152,54.21,72
2021-09-24 10:03:18.529178-04:00,17.61,2071,17.62,773,54.15,152,54.21,72
2021-09-24 10:03:18.529178-04:00,17.61,2071,17.62,773,54.15,152,54.21,72
2021-09-24 10:03:18.529178-04:00,17.61,2071,17.62,773,54.15,152,54.21,72
2021-09-24 10:03:18.529178-04:00,17.61,2071,17.62,773,54.17,34,54.23,90
2021-09-24 10:03:18.529178-04:00,17.61,2071,17.62,773,54.17,34,54.23,90
2021-09-24 10:03:29.205633-04:00,17.6,4263,17.61,409,54.17,34,54.23,90
2021-09-24 10:03:29.205633-04:00,17.6,4263,17.61,409,54.17,34,54.23,90
2021-09-24 10:03:29.205633-04:00,17.6,4263,17.61,409,54.17,34,54.23,90
2021-09-24 10:03:32.545701-04:00,17.6,4263,17.61,409,54.17,34,54.23,90
2021-09-24 10:03:32.545701-04:00,17.6,4263,17.61,409,54.17,34,54.23,90
2021-09-24 10:03:32.545701-04:00,17.6,558,17.61,2695,54.19,160,54.25,18
2021-09-24 10:03:38.553639-04:00,17.6,558,17.61,2695,54.19,160,54.25,18
2021-09-24 10:03:42.656671-04:00,17.6,558,17.61,2695,54.19,160,54.25,18
2021-09-24 10:03:42.656671-04:00,17.6,558,17.61,2695,54.19,160,54.25,18
2021-09-24 10:03:42.656671-04:00,17.6,558,17.61,2695,54.19,160,54.25,18
2021-09-24 10:03:42.656671-04:00,17.6,558,17.61,2695,54.19,110,54.25,126
2021-09-24 10:03:42.656671-04:00,17.6,558,17.61,2695,54.19,110,54.25,126
2021-09-24 10:03:42.656671-04:00,17.6,547,17.61,2016,54.19,110,54.25,126
2021-09-24 10:03:42.656671-04:00,17.6,547,17.61,2016,54.19,110,54.25,126
2021-09-24 10:03:56.574459-04:00,17.6,547,17.61,2016,54.19,110,54.25,126
2021-09-24 10:03:56.574459-04:00,17.6,547,17.61,2016,54.2,153,54.27,76
2021-09-24 10:03:56.574459-04:00,17.59,2644,17.6,604,54.2,153,54.27,76
2021-09-24 10:03:56.574459-04:00,17.59,2644,17.6,604,54.2,153,54.27,76
2021-09-24 10:04:03.583719-04:00,17.59,2644,17.6,604,54.2,164,54.26,90
2021-09-24 10:04:09.398176-04:00,17.59,3504,17.6,536,54.2,164,54.26,90
2021-09-24 10:04:09.398176-04:00,17.59,3504,17.6,536,54.2,164,54.26,90
2021-09-24 10:04:09.398176-04:00,17.59,3504,17.6,536,54.2,164,54.26,90
2021-09-24 10:04:09.398176-04:00,17.59,3504,17.6,536,54.21,112,54.28,39
2021-09-24 10:04:09.398176-04:00,17.59,907,17.6,1797,54.21,112,54.28,39
2021-09-24 10:04:18.603564-04:00,17.59,907,17.6,1797,54.21,112,54.28,39
2021-09-24 10:04:18.603564-04:00,17.59,907,17.6,1797,54.21,112,54.28,39
2021-09-24 10:04:18.603564-04:00,17.59,907,17.6,1797,54.21,112,54.28,39
2021-09-24 10:04:18.603564-04:00,17.59,907,17.6,1797,54.21,112,54.28,39
2021-09-24 10:04:27.614471-04:00,17.59,907,17.6,1797,54.21,112,54.28,39
2021-09-24 10:04:27.614471-04:00,17.59,907,17.6,1797,54.2,105,54.26,36
2021-09-24 10:04:27.614471-04:00,17.59,2328,17.6,675,54.2,105,54.26,36
2021-09-24 10:04:27.614471-04:00,17.59,2328,17.6,675,54.2,105,54.26,36
2021-09-24 10:04:27.614471-04:00,17.59,2328,17.6,675,54.2,105,54.26,36
2021-09-24 10:04:27.614471-04:00,17.59,2328,17.6,675,54.2,105,54.26,72
2021-09-24 10:04:27.614471-04:00,17.59,2735,17.6,474,54.2,105,54.26,72
2021-09-24 10:04:38.628026-04:00,17.59,2735,17.6,474,54.2,105,54.26,72
2021-09-24 10:04:38.628026-04:00,17.59,2735,17.6,474,54.2,105,54.26,72
2021-09-24 10:04:38.628026-04:00,17.59,2735,17.6,474,54.2,105,54.26,72
2021-09-24 10:04:38.628026-04:00,17.59,2735,17.6,474,54.21,98,54.27,126
2021-09-24 10:04:49.766107-04:00,17.59,768,17.6,891,54.21,98,54.27,126
2021-09-24 10:04:49.768103-04:00,17.59,768,17.6,891,54.21,20,54.27,127
2021-09-24 10:04:49.768103-04:00,17.59,1628,17.6,466,54.21,20,54.27,127
2021-09-24 10:04:58.655339-04:00,17.59,1628,17.6,466,54.21,20,54.27,127
2021-09-24 10:04:58.655339-04:00,17.59,1628,17.6,466,54.21,20,54.27,127
2021-09-24 10:04:58.655339-04:00,17.59,1628,17.6,466,54.21,20,54.27,127
2021-09-24 10:04:58.655339-04:00,17.59,1628,17.6,466,54.2,53,54.26,90
2021-09-24 10:04:58.655339-04:00,17.59,1628,17.6,466,54.2,53,54.26,90
2021-09-24 10:04:58.655339-04:00,17.6,250,17.61,3344,54.2,53,54.26,90
2021-09-24 10:05:08.667571-04:00,17.6,250,17.61,3344,54.2,53,54.26,90
2021-09-24 10:05:08.667571-04:00,17.6,250,17.61,3344,54.2,53,54.26,90
2021-09-24 10:05:08.667571-04:00,17.6,250,17.61,3344,54.2,53,54.26,90
2021-09-24 10:05:08.667571-04:00,17.6,250,17.61,3344,54.2,53,54.26,90
2021-09-24 10:05:08.667571-04:00,17.6,250,17.61,3344,54.18,71,54.24,18
2021-09-24 10:05:08.667571-04:00,17.6,1259,17.61,2023,54.18,71,54.24,18
2021-09-24 10:05:08.667571-04:00,17.6,1259,17.61,2023,54.18,71,54.24,18
2021-09-24 10:05:18.678803-04:00,17.6,1259,17.61,2023,54.18,71,54.24,18
2021-09-24 10:05:30.579985-04:00,17.6,1259,17.61,2023,54.2,113,54.26,90
2021-09-24 10:05:30.579985-04:00,17.6,215,17.61,3250,54.2,113,54.26,90
2021-09-24 10:05:30.579985-04:00,17.6,215,17.61,3250,54.2,113,54.26,90
2021-09-24 10:05:30.579985-04:00,17.6,215,17.61,3250,54.2,113,54.26,90
2021-09-24 10:05:38.703266-04:00,17.6,215,17.61,3250,54.2,37,54.25,61
2021-09-24 10:05:38.703266-04:00,17.6,215,17.61,3250,54.2,37,54.25,61
2021-09-24 10:05:38.703266-04:00,17.6,523,17.61,2916,54.2,37,54.25,61
2021-09-24 10:05:38.703266-04:00,17.6,523,17.61,2916,54.2,37,54.25,61
2021-09-24 10:05:38.703266-04:00,17.6,523,17.61,2916,54.2,37,54.25,61
2021-09-24 10:05:48.714502-04:00,17.6,523,17.61,2916,54.17,103,54.24,97
2021-09-24 10:05:48.714502-04:00,17.6,523,17.61,2916,54.17,103,54.24,97
2021-09-24 10:05:48.714502-04:00,17.6,2464,17.61,668,54.17,103,54.24,97
2021-09-24 10:05:48.714502-04:00,17.6,2464,17.61,668,54.17,103,54.24,97
2021-09-24 10:05:49.715822-04:00,17.6,2464,17.61,668,54.17,103,54.24,97
2021-09-24 10:05:49.715822-04:00,17.6,2464,17.61,668,54.18,103,54.24,14
2021-09-24 10:05:58.727729-04:00,17.6,1132,17.61,1802,54.18,103,54.24,14
2021-09-24 10:06:10.378581-04:00,17.6,1132,17.61,1802,54.18,37,54.24,129
2021-09-24 10:06:10.378581-04:00,17.6,1875,17.61,1010,54.18,37,54.24,129
2021-09-24 10:06:18.502857-04:00,17.6,1875,17.61,1010,54.18,126,54.24,115
2021-09-24 10:06:18.503856-04:00,17.6,1768,17.61,1095,54.18,126,54.24,115
2021-09-24 10:06:18.503856-04:00,17.6,1768,17.61,1095,54.18,126,54.24,115
2021-09-24 10:06:26.513442-04:00,17.6,1768,17.61,1095,54.18,126,54.24,115
2021-09-24 10:06:26.513442-04:00,17.6,1768,17.61,1095,54.18,126,54.24,115
2021-09-24 10:06:27.514765-04:00,17.6,1768,17.61,1095,54.18,126,54.24,115
2021-09-24 10:06:27.514765-04:00,17.6,572,17.61,2815,54.2,72,54.26,133
2021-09-24 10:06:27.514765-04:00,17.6,572,17.61,2815,54.2,72,54.26,133
2021-09-24 10:06:27.514765-04:00,17.6,572,17.61,2815,54.2,72,54.26,133
2021-09-24 10:06:37.364431-04:00,17.6,572,17.61,2815,54.2,72,54.26,133
2021-09-24 10:06:37.364431-04:00,17.6,572,17.61,2815,54.21,15,54.26,7
2021-09-24 10:06:37.364431-04:00,17.6,572,17.61,2815,54.21,15,54.26,7
2021-09-24 10:06:37.364431-04:00,17.59,2450,17.6,1128,54.21,15,54.26,7
2021-09-24 10:06:37.364431-04:00,17.59,2450,17.6,1128,54.21,15,54.26,7
2021-09-24 10:06:37.364431-04:00,17.59,2450,17.6,1128,54.21,15,54.26,7
2021-09-24 10:06:50.922183-04:00,17.59,2450,17.6,1128,54.21,103,54.28,115
2021-09-24 10:06:50.922183-04:00,17.59,656,17.6,1825,54.21,103,54.28,115
2021-09-24 10:06:50.922183-04:00,17.59,656,17.6,1825,54.21,103,54.28,115
2021-09-24 10:06:50.949111-04:00,17.59,656,17.6,1825,54.21,103,54.28,115
2021-09-24 10:06:50.949111-04:00,17.59,656,17.6,1825,54.2,122,54.27,97
2021-09-24 10:06:57.550459-04:00,17.59,656,17.6,1825,54.2,122,54.27,97
2021-09-24 10:06:57.550459-04:00,17.59,1629,17.6,797,54.2,122,54.27,97
2021-09-24 10:06:57.550459-04:00,17.59,1629,17.6,797,54.2,121,54.27,98
2021-09-24 10:06:57.550459-04:00,17.59,1629,17.6,797,54.2,121,54.27,98
2021-09-24 10:06:57.550459-04:00,17.59,2630,17.6,628,54.2,121,54.27,98
2021-09-24 10:06:57.550459-04:00,17.59,2630,17.6,628,54.2,121,54.27,98
2021-09-24 10:07:10.567659-04:00,17.59,2630,17.6,628,54.2,121,54.27,98
2021-09-24 10:07:10.567659-04:00,17.59,2630,17.6,628,54.2,121,54.27,98
2021-09-24 10:07:10.567659-04:00,17.59,2630,17.6,628,54.21,39,54.27,98
2021-09-24 10:07:10.567659-04:00,17.59,2630,17.6,628,54.21,39,54.27,98
2021-09-24 10:07:10.567659-04:00,17.59,2338,17.6,676,54.21,39,54.27,98
2021-09-24 10:07:26.589821-04:00,17.59,2338,17.6,676,54.21,39,54.27,98
2021-09-24 10:07:26.589821-04:00,17.59,2338,17.6,676,54.21,39,54.27,98
2021-09-24 10:07:26.589821-04:00,17.59,2324,17.6,1042,54.21,140,54.27,90
2021-09-24 10:07:26.589821-04:00,17.59,2324,17.6,1042,54.21,140,54.27,90
2021-09-24 10:07:26.589821-04:00,17.59,2324,17.6,1042,54.21,140,54.27,90
2021-09-24 10:07:26.589821-04:00,17.59,2324,17.6,1042,54.21,140,54.27,90
2021-09-24 10:07:26.589821-04:00,17.59,2324,17.6,1042,54.22,139,54.28,126
2021-09-24 10:07:38.605694-04:00,17.59,2324,17.6,1042,54.22,139,54.28,126
2021-09-24 10:07:38.605694-04:00,17.59,805,17.6,1879,54.22,139,54.28,126
2021-09-24 10:07:38.605694-04:00,17.59,805,17.6,1879,54.21,38,54.27,90
2021-09-24 10:07:38.605694-04:00,17.59,805,17.6,1879,54.21,38,54.27,90
2021-09-24 10:07:38.605694-04:00,17.59,805,17.6,1879,54.21,38,54.27,90
2021-09-24 10:07:48.618923-04:00,17.59,805,17.6,1879,54.21,38,54.27,90
2021-09-24 10:07:48.618923-04:00,17.59,2475,17.6,505,54.21,38,54.27,90
2021-09-24 10:07:48.618923-04:00,17.59,2475,17.6,505,54.21,38,54.27,90
2021-09-24 10:07:48.618923-04:00,17.59,2475,17.6,505,54.21,38,54.27,90
2021-09-24 10:07:50.621569-04:00,17.59,2475,17.6,505,54.25,127,54.31,40
2021-09-24 10:07:50.621569-04:00,17.59,2475,17.6,505,54.25,127,54.31,40
2021-09-24 10:07:50.621569-04:00,17.59,2475,17.6,505,54.25,127,54.31,40
2021-09-24 10:07:58.633149-04:00,17.57,3283,17.58,214,54.25,127,54.31,40
2021-09-24 10:07:58.633149-04:00,17.57,3283,17.58,214,54.25,127,54.31,40
2021-09-24 10:08:01.635123-04:00,17.57,3283,17.58,214,54.25,127,54.31,40
2021-09-24 10:08:01.635123-04:00,17.57,3283,17.58,214,54.25,127,54.31,40
2021-09-24 10:08:11.586517-04:00,17.57,3283,17.58,214,54.25,19,54.31,54
2021-09-24 10:08:11.586517-04:00,17.58,701,17.59,2341,54.25,19,54.31,54
2021-09-24 10:08:11.586517-04:00,17.58,701,17.59,2341,54.25,19,54.31,54
2021-09-24 10:08:11.586517-04:00,17.58,701,17.59,2341,54.24,28,54.29,86
2021-09-24 10:08:18.657613-04:00,17.58,701,17.59,2341,54.24,28,54.29,86
2021-09-24 10:08:18.657613-04:00,17.58,2780,17.59,556,54.24,28,54.29,86
2021-09-24 10:08:18.657613-04:00,17.58,2780,17.59,556,54.24,34,54.3,86
2021-09-24 10:08:28.670841-04:00,17.58,2780,17.59,556,54.24,34,54.3,86
2021-09-24 10:08:28.670841-04:00,17.58,2780,17.59,556,54.24,34,54.3,86
2021-09-24 10:08:28.670841-04:00,17.58,2617,17.59,830,54.24,34,54.3,86
2021-09-24 10:08:28.670841-04:00,17.58,2617,17.59,830,54.24,120,54.3,108
2021-09-24 10:08:28.670841-04:00,17.58,2617,17.59,830,54.24,120,54.3,108
2021-09-24 10:08:28.670841-04:00,17.58,2617,17.59,830,54.24,120,54.3,108
2021-09-24 10:08:28.670841-04:00,17.58,2617,17.59,830,54.24,120,54.3,108
2021-09-24 10:08:38.683072-04:00,17.58,2617,17.59,830,54.24,120,54.3,108
2021-09-24 10:08:38.683072-04:00,17.58,1804,17.59,856,54.24,120,54.3,108
2021-09-24 10:08:38.683072-04:00,17.58,1253,17.59,1000,54.24,116,54.31,133
2021-09-24 10:08:38.683072-04:00,17.58,1253,17.59,1000,54.24,116,54.31,133
2021-09-24 10:08:38.683072-04:00,17.58,1253,17.59,1000,54.24,116,54.31,133
2021-09-24 10:08:38.683072-04:00,17.58,1253,17.59,1000,54.24,55,54.31,130
2021-09-24 10:08:38.683072-04:00,17.58,1721,17.59,512,54.24,55,54.31,130
2021-09-24 10:08:38.683072-04:00,17.58,1721,17.59,512,54.24,55,54.31,130
2021-09-24 10:08:38.683072-04:00,17.58,1721,17.59,512,54.24,55,54.31,130
2021-09-24 10:08:38.683072-04:00,17.58,1721,17.59,512,54.24,109,54.3,25
2021-09-24 10:08:38.683072-04:00,17.58,1585,17.59,1646,54.24,109,54.3,25
2021-09-24 10:08:38.683072-04:00,17.58,1585,17.59,1646,54.24,109,54.3,25
2021-09-24 10:08:38.683072-04:00,17.58,1585,17.59,1646,54.24,109,54.3,25
2021-09-24 10:08:38.683072-04:00,17.58,1585,17.59,1646,54.24,109,54.3,25
2021-09-24 10:08:38.683072-04:00,17.58,1897,17.59,1499,54.24,110,54.3,14
2021-09-24 10:08:38.683072-04:00,17.58,1897,17.59,1499,54.23,126,54.29,140
2021-09-24 10:09:28.748218-04:00,17.59,1283,17.6,2871,54.23,126,54.29,140
2021-09-24 10:09:33.502506-04:00,17.59,1381,17.6,2645,54.23,127,54.28,61
2021-09-24 10:09:33.502506-04:00,17.59,1381,17.6,2645,54.23,127,54.28,61
2021-09-24 10:09:39.510442-04:00,17.59,1381,17.6,2645,54.23,127,54.28,61
2021-09-24 10:09:39.510442-04:00,17.59,1381,17.6,2645,54.23,127,54.28,61
2021-09-24 10:09:39.510442-04:00,17.59,1186,17.6,2476,54.23,127,54.28,61
2021-09-24 10:09:39.510442-04:00,17.59,1186,17.6,2476,54.23,20,54.28,43
2021-09-24 10:09:39.510442-04:00,17.59,1186,17.6,2476,54.23,20,54.28,43
2021-09-24 10:09:51.526318-04:00,17.59,1186,17.6,2476,54.23,20,54.28,43
2021-09-24 10:09:51.526318-04:00,17.59,1186,17.6,2476,54.23,20,54.28,43
2021-09-24 10:09:51.526318-04:00,17.59,1186,17.6,2476,54.23,20,54.28,43
2021-09-24 10:09:51.526318-04:00,17.58,2203,17.59,805,54.24,158,54.3,133
2021-09-24 10:10:03.541194-04:00,17.58,2203,17.59,805,54.24,126,54.3,123
2021-09-24 10:10:03.541194-04:00,17.58,2203,17.59,805,54.24,126,54.3,123
2021-09-24 10:10:03.541194-04:00,17.58,2022,17.59,928,54.24,126,54.3,123
2021-09-24 10:10:03.541194-04:00,17.58,2022,17.59,928,54.24,126,54.3,123
2021-09-24 10:10:03.541194-04:00,17.58,2022,17.59,928,54.24,126,54.3,123
2021-09-24 10:10:03.541194-04:00,17.58,2022,17.59,928,54.24,127,54.3,122
2021-09-24 10:10:03.541194-04:00,17.58,2022,17.59,928,54.24,127,54.3,122
2021-09-24 10:10:03.541194-04:00,17.58,2468,17.59,925,54.24,127,54.3,122
2021-09-24 10:10:03.541194-04:00,17.58,2468,17.59,925,54.24,127,54.3,122
2021-09-24 10:10:26.315307-04:00,17.58,2468,17.59,925,54.24,19,54.29,7
2021-09-24 10:10:26.315307-04:00,17.58,2468,17.59,925,54.24,19,54.29,7
2021-09-24 10:10:26.315307-04:00,17.58,2702,17.59,613,54.24,19,54.29,7
2021-09-24 10:10:26.315307-04:00,17.58,2702,17.59,613,54.24,19,54.29,7
2021-09-24 10:10:30.577910-04:00,17.58,2702,17.59,613,54.24,19,54.29,7
2021-09-24 10:10:33.580881-04:00,17.58,2702,17.59,613,54.24,19,54.29,7
2021-09-24 10:10:39.738419-04:00,17.58,2702,17.59,613,54.24,19,54.29,7
2021-09-24 10:10:39.738419-04:00,17.58,2702,17.59,613,54.23,153,54.29,55
2021-09-24 10:10:39.738419-04:00,17.59,325,17.6,3380,54.23,153,54.29,55
2021-09-24 10:10:39.738419-04:00,17.59,325,17.6,3380,54.23,153,54.29,55
2021-09-24 10:10:39.738419-04:00,17.59,325,17.6,3380,54.24,113,54.31,121
2021-09-24 10:10:39.738419-04:00,17.59,325,17.6,3380,54.24,113,54.31,121
2021-09-24 10:10:39.738419-04:00,17.58,1973,17.59,2588,54.24,113,54.31,121
2021-09-24 10:10:48.601721-04:00,17.58,1973,17.59,2588,54.24,113,54.31,121
2021-09-24 10:10:48.601721-04:00,17.58,1973,17.59,2588,54.24,94,54.3,127
2021-09-24 10:10:48.601721-04:00,17.58,3032,17.59,1315,54.24,94,54.3,127
2021-09-24 10:10:48.601721-04:00,17.58,3032,17.59,1315,54.24,94,54.3,127
2021-09-24 10:10:48.601721-04:00,17.58,3032,17.59,1315,54.24,94,54.3,127
2021-09-24 10:10:48.601721-04:00,17.58,3032,17.59,1315,54.23,127,54.29,120
2021-09-24 10:10:48.601721-04:00,17.58,3032,17.59,1315,54.23,127,54.29,120
2021-09-24 10:11:08.627181-04:00,17.58,3026,17.59,515,54.23,127,54.29,120
2021-09-24 10:11:10.629828-04:00,17.58,3026,17.59,515,54.23,127,54.29,120
2021-09-24 10:11:14.635119-04:00,17.58,3026,17.59,515,54.23,127,54.29,120
2021-09-24 10:11:14.635119-04:00,17.58,3026,17.59,515,54.22,87,54.28,90
2021-09-24 10:11:14.635119-04:00,17.58,3026,17.59,515,54.22,87,54.28,90
2021-09-24 10:11:14.635119-04:00,17.59,1417,17.6,2490,54.22,87,54.28,90
2021-09-24 10:11:24.646351-04:00,17.59,1417,17.6,2490,54.22,87,54.28,90
2021-09-24 10:11:24.646351-04:00,17.59,1417,17.6,2490,54.22,87,54.28,90
2021-09-24 10:11:24.646351-04:00,17.59,1417,17.6,2490,54.22,87,54.28,90
2021-09-24 10:11:24.646351-04:00,17.59,1417,17.6,2490,54.21,37,54.26,18
2021-09-24 10:11:24.646351-04:00,17.59,1417,17.6,2490,54.21,37,54.26,18
2021-09-24 10:11:24.646351-04:00,17.59,2977,17.6,1229,54.21,37,54.26,18
2021-09-24 10:11:34.659580-04:00,17.59,2977,17.6,1229,54.21,37,54.26,18
2021-09-24 10:11:34.659580-04:00,17.59,2977,17.6,1229,54.21,37,54.26,18
2021-09-24 10:11:34.659580-04:00,17.59,2977,17.6,1229,54.22,36,54.27,5
2021-09-24 10:11:34.659580-04:00,17.59,1112,17.6,2546,54.22,36,54.27,5
2021-09-24 10:11:46.873925-04:00,17.59,1941,17.6,2335,54.21,58,54.26,18
2021-09-24 10:11:46.873925-04:00,17.59,1941,17.6,2335,54.21,58,54.26,18
2021-09-24 10:11:54.686039-04:00,17.59,1941,17.6,2335,54.21,58,54.26,18
2021-09-24 10:11:54.686039-04:00,17.59,1941,17.6,2335,54.22,162,54.27,5
2021-09-24 10:11:54.686039-04:00,17.59,1941,17.6,2335,54.22,162,54.27,5
2021-09-24 10:11:54.686039-04:00,17.59,1274,17.6,2427,54.22,162,54.27,5
2021-09-24 10:11:54.686039-04:00,17.59,1274,17.6,2427,54.22,181,54.27,5
2021-09-24 10:11:54.686039-04:00,17.59,1274,17.6,2427,54.22,181,54.27,5
2021-09-24 10:11:54.686039-04:00,17.59,1252,17.6,2465,54.22,181,54.27,5
2021-09-24 10:11:54.686039-04:00,17.59,1252,17.6,2465,54.23,75,54.27,5
2021-09-24 10:11:54.686039-04:00,17.59,1252,17.6,2465,54.23,75,54.27,5
2021-09-24 10:11:54.686039-04:00,17.59,353,17.6,3271,54.23,75,54.27,5
2021-09-24 10:12:18.602097-04:00,17.59,353,17.6,3271,54.23,75,54.27,5
2021-09-24 10:12:18.602097-04:00,17.59,353,17.6,3271,54.23,3,54.27,5
2021-09-24 10:12:27.119324-04:00,17.59,353,17.6,3271,54.23,3,54.27,5
2021-09-24 10:12:27.119324-04:00,17.59,353,17.6,3271,54.23,3,54.27,5
2021-09-24 10:12:27.119324-04:00,17.59,638,17.6,2937,54.23,3,54.27,5
2021-09-24 10:12:34.504578-04:00,17.59,638,17.6,2937,54.23,3,54.27,5
2021-09-24 10:12:34.504578-04:00,17.59,638,17.6,2937,54.22,69,54.27,5
2021-09-24 10:12:34.504578-04:00,17.59,638,17.6,2937,54.22,69,54.27,5
2021-09-24 10:12:34.504578-04:00,17.59,789,17.6,2350,54.22,69,54.27,5
2021-09-24 10:12:34.504578-04:00,17.59,789,17.6,2350,54.22,51,54.27,5
2021-09-24 10:12:34.504578-04:00,17.59,742,17.6,2385,54.22,51,54.27,5
2021-09-24 10:12:49.523424-04:00,17.59,742,17.6,2385,54.22,52,54.27,5
2021-09-24 10:12:49.523424-04:00,17.59,742,17.6,2385,54.22,52,54.27,5
2021-09-24 10:12:49.523424-04:00,17.59,742,17.6,2385,54.22,52,54.27,5
2021-09-24 10:12:49.523424-04:00,17.59,618,17.6,2976,54.22,52,54.27,5
2021-09-24 10:13:03.541944-04:00,17.59,618,17.6,2976,54.22,52,54.27,5
2021-09-24 10:13:03.541944-04:00,17.59,618,17.6,2976,54.22,44,54.27,5
2021-09-24 10:13:03.541944-04:00,17.59,512,17.6,2978,54.22,44,54.27,5
2021-09-24 10:13:03.541944-04:00,17.59,512,17.6,2978,54.22,44,54.27,5
2021-09-24 10:13:03.541944-04:00,17.59,512,17.6,2978,54.21,124,54.27,23
2021-09-24 10:13:20.895549-04:00,17.59,512,17.6,2978,54.21,124,54.27,23
2021-09-24 10:13:20.895549-04:00,17.59,1431,17.6,1752,54.21,124,54.27,23
2021-09-24 10:13:20.895549-04:00,17.59,1431,17.6,1752,54.21,124,54.27,23
2021-09-24 10:13:20.895549-04:00,17.59,1431,17.6,1752,54.21,124,54.27,23
2021-09-24 10:13:20.895549-04:00,17.59,1431,17.6,1752,54.21,124,54.27,23
2021-09-24 10:13:20.895549-04:00,17.59,1431,17.6,1752,54.22,81,54.27,23
2021-09-24 10:13:28.576013-04:00,17.59,1471,17.6,2146,54.22,81,54.27,23
2021-09-24 10:13:28.576013-04:00,17.59,1471,17.6,2146,54.22,81,54.27,23
2021-09-24 10:13:28.576013-04:00,17.59,1471,17.6,2146,54.22,81,54.27,23
2021-09-24 10:13:28.576013-04:00,17.59,1471,17.6,2146,54.22,81,54.27,23
2021-09-24 10:13:28.576013-04:00,17.59,1471,17.6,2146,54.22,44,54.27,41
2021-09-24 10:13:28.576013-04:00,17.59,1998,17.6,2211,54.22,44,54.27,41
2021-09-24 10:13:28.576013-04:00,17.59,695,17.6,2360,54.22,44,54.27,41
2021-09-24 10:13:28.576013-04:00,17.59,695,17.6,2360,54.22,44,54.27,41
2021-09-24 10:13:28.576013-04:00,17.59,695,17.6,2360,54.22,44,54.27,41
2021-09-24 10:13:28.576013-04:00,17.59,695,17.6,2360,54.22,43,54.27,55
2021-09-24 10:14:01.207769-04:00,17.59,695,17.6,2360,54.22,43,54.27,55
2021-09-24 10:14:01.207769-04:00,17.59,727,17.6,2187,54.22,43,54.27,55
2021-09-24 10:14:01.207769-04:00,17.59,727,17.6,2187,54.22,43,54.27,55
2021-09-24 10:14:01.207769-04:00,17.59,727,17.6,2187,54.22,43,54.27,55
2021-09-24 10:14:01.207769-04:00,17.59,727,17.6,2187,54.22,43,54.27,55
2021-09-24 10:14:08.628928-04:00,17.59,727,17.6,2187,54.23,37,54.28,55
2021-09-24 10:14:08.628928-04:00,17.59,511,17.6,3087,54.23,37,54.28,55
2021-09-24 10:14:08.628928-04:00,17.59,511,17.6,3087,54.23,37,54.28,55
2021-09-24 10:14:14.617916-04:00,17.59,511,17.6,3087,54.23,37,54.28,55
2021-09-24 10:14:14.617916-04:00,17.59,716,17.6,2329,54.2,71,54.27,127
2021-09-24 10:14:14.617916-04:00,17.59,716,17.6,2329,54.2,71,54.27,127
2021-09-24 10:14:21.646193-04:00,17.59,716,17.6,2329,54.2,71,54.27,127
2021-09-24 10:14:21.646193-04:00,17.59,716,17.6,2329,54.21,74,54.27,19
2021-09-24 10:14:21.646193-04:00,17.59,716,17.6,2329,54.21,74,54.27,19
2021-09-24 10:14:21.646193-04:00,17.59,716,17.6,2329,54.21,74,54.27,19
2021-09-24 10:14:21.646193-04:00,17.59,697,17.6,2333,54.21,74,54.27,19
2021-09-24 10:14:21.646193-04:00,17.59,697,17.6,2333,54.22,54,54.28,73
2021-09-24 10:14:21.646193-04:00,17.59,697,17.6,2333,54.22,54,54.28,73
2021-09-24 10:14:21.646193-04:00,17.59,604,17.6,2364,54.22,54,54.28,73
2021-09-24 10:14:21.646193-04:00,17.59,604,17.6,2364,54.22,95,54.28,73
2021-09-24 10:14:21.646193-04:00,17.59,604,17.6,2364,54.22,95,54.28,73
2021-09-24 10:14:21.646193-04:00,17.59,514,17.6,2389,54.22,95,54.28,73
2021-09-24 10:14:21.646193-04:00,17.59,514,17.6,2389,54.22,95,54.28,73
2021-09-24 10:14:48.628984-04:00,17.59,514,17.6,2389,54.22,95,54.28,73
2021-09-24 10:14:48.628984-04:00,17.59,514,17.6,2389,54.22,95,54.28,73
2021-09-24 10:14:56.639568-04:00,17.59,514,17.6,2389,54.22,95,54.28,73
2021-09-24 10:14:56.639568-04:00,17.59,514,17.6,2389,54.22,90,54.28,36
2021-09-24 10:14:56.639568-04:00,17.58,2250,17.59,3,54.22,90,54.28,36
2021-09-24 10:14:56.639568-04:00,17.58,2250,17.59,3,54.22,90,54.28,36
2021-09-24 10:14:56.639568-04:00,17.58,2250,17.59,3,54.22,90,54.28,36
2021-09-24 10:14:56.639568-04:00,17.58,2250,17.59,3,54.22,72,54.28,18
2021-09-24 10:15:08.657437-04:00,17.58,2250,17.59,3,54.22,72,54.28,18
2021-09-24 10:15:08.657437-04:00,17.58,2250,17.59,3,54.22,72,54.28,18
2021-09-24 10:15:08.657437-04:00,17.58,1815,17.59,140,54.22,72,54.28,18
2021-09-24 10:15:08.657437-04:00,17.58,1815,17.59,140,54.22,72,54.28,18
2021-09-24 10:15:08.657437-04:00,17.58,1815,17.59,140,54.22,72,54.28,18
2021-09-24 10:15:08.657437-04:00,17.58,1815,17.59,140,54.22,72,54.28,18
2021-09-24 10:15:08.657437-04:00,17.58,1815,17.59,140,54.23,38,54.28,19
2021-09-24 10:15:21.620778-04:00,17.58,2237,17.59,220,54.23,38,54.28,19
2021-09-24 10:15:21.620778-04:00,17.58,2237,17.59,220,54.23,38,54.28,19
2021-09-24 10:15:21.620778-04:00,17.58,2237,17.59,220,54.23,74,54.29,127
2021-09-24 10:15:21.620778-04:00,17.58,2237,17.59,220,54.23,74,54.29,127
2021-09-24 10:15:21.620778-04:00,17.58,1775,17.59,254,54.23,74,54.29,127
2021-09-24 10:15:27.680575-04:00,17.58,1775,17.59,254,54.23,74,54.29,127
2021-09-24 10:15:27.680575-04:00,17.58,1775,17.59,254,54.23,74,54.29,127
2021-09-24 10:15:37.694802-04:00,17.58,1775,17.59,254,54.23,74,54.29,127
2021-09-24 10:15:37.694802-04:00,17.58,1775,17.59,254,54.26,126,54.34,16
2021-09-24 10:15:37.694802-04:00,17.58,1775,17.59,254,54.26,126,54.34,16
2021-09-24 10:15:38.696124-04:00,17.58,1775,17.59,254,54.26,126,54.34,16
2021-09-24 10:15:38.696124-04:00,17.58,283,17.59,2262,54.26,126,54.34,16
2021-09-24 10:15:48.447057-04:00,17.58,283,17.59,2262,54.25,45,54.31,127
2021-09-24 10:15:48.447057-04:00,17.58,283,17.59,2262,54.25,45,54.31,127
2021-09-24 10:15:48.447057-04:00,17.58,597,17.59,1677,54.25,45,54.31,127
2021-09-24 10:15:48.447057-04:00,17.58,597,17.59,1677,54.25,55,54.31,127
2021-09-24 10:16:01.863186-04:00,17.58,597,17.59,1677,54.25,55,54.31,127
2021-09-24 10:16:01.863186-04:00,17.58,597,17.59,1677,54.25,55,54.31,127
2021-09-24 10:16:01.863186-04:00,17.58,687,17.59,1889,54.25,55,54.31,127
2021-09-24 10:16:01.863186-04:00,17.58,687,17.59,1889,54.25,7,54.31,156
2021-09-24 10:16:01.863186-04:00,17.58,687,17.59,1889,54.25,7,54.31,156
2021-09-24 10:16:08.736807-04:00,17.58,410,17.59,2305,54.25,7,54.31,156
2021-09-24 10:16:08.736807-04:00,17.58,410,17.59,2305,54.25,7,54.31,156
2021-09-24 10:16:15.301258-04:00,17.58,410,17.59,2305,54.25,7,54.31,156
2021-09-24 10:16:15.301258-04:00,17.58,410,17.59,2305,54.25,94,54.31,127
2021-09-24 10:16:15.301258-04:00,17.58,449,17.59,2612,54.25,94,54.31,127
2021-09-24 10:16:15.301258-04:00,17.58,449,17.59,2612,54.25,56,54.31,127
2021-09-24 10:16:15.301258-04:00,17.58,449,17.59,2612,54.25,56,54.31,127
2021-09-24 10:16:28.747310-04:00,17.58,449,17.59,2612,54.25,56,54.31,127
2021-09-24 10:16:28.747310-04:00,17.58,482,17.59,2634,54.25,56,54.31,127
2021-09-24 10:16:28.747310-04:00,17.58,482,17.59,2634,54.24,161,54.3,91
2021-09-24 10:16:38.526163-04:00,17.58,964,17.59,2030,54.24,161,54.3,91
2021-09-24 10:16:38.526163-04:00,17.58,964,17.59,2030,54.24,161,54.3,91
2021-09-24 10:16:38.526163-04:00,17.58,964,17.59,2030,54.24,161,54.3,91
2021-09-24 10:16:38.526163-04:00,17.58,964,17.59,2030,54.24,94,54.3,19
2021-09-24 10:16:48.539390-04:00,17.58,799,17.59,591,54.24,94,54.3,19
2021-09-24 10:16:48.539390-04:00,17.58,799,17.59,591,54.24,94,54.3,19
2021-09-24 10:16:48.539390-04:00,17.58,799,17.59,591,54.24,94,54.3,19
2021-09-24 10:16:55.581564-04:00,17.58,799,17.59,591,54.24,94,54.3,19
2021-09-24 10:16:55.581564-04:00,17.58,799,17.59,591,54.25,92,54.31,126
2021-09-24 10:16:55.581564-04:00,17.58,464,17.59,2645,54.25,92,54.31,126
2021-09-24 10:17:09.016645-04:00,17.58,464,17.59,2645,54.25,12,54.31,145
2021-09-24 10:17:09.016645-04:00,17.58,464,17.59,2645,54.25,12,54.31,145
2021-09-24 10:17:09.016645-04:00,17.58,541,17.59,2207,54.25,12,54.31,145
2021-09-24 10:17:09.016645-04:00,17.58,541,17.59,2207,54.25,12,54.31,145
2021-09-24 10:17:09.016645-04:00,17.58,541,17.59,2207,54.25,36,54.31,127
2021-09-24 10:17:09.016645-04:00,17.58,541,17.59,2207,54.25,36,54.31,127
2021-09-24 10:17:16.577453-04:00,17.58,541,17.59,2207,54.25,36,54.31,127
2021-09-24 10:17:16.577453-04:00,17.58,552,17.59,2012,54.25,36,54.31,127
2021-09-24 10:17:16.577453-04:00,17.58,552,17.59,2012,54.24,92,54.3,127
2021-09-24 10:17:16.577453-04:00,17.58,552,17.59,2012,54.24,92,54.3,127
2021-09-24 10:17:28.594307-04:00,17.58,2284,17.59,989,54.24,92,54.3,127
2021-09-24 10:17:36.606878-04:00,17.58,2284,17.59,989,54.24,142,54.31,127
2021-09-24 10:17:36.606878-04:00,17.58,2284,17.59,989,54.24,142,54.31,127
2021-09-24 10:17:36.606878-04:00,17.58,735,17.59,868,54.24,142,54.31,127
2021-09-24 10:17:36.606878-04:00,17.58,735,17.59,868,54.24,142,54.31,127
2021-09-24 10:17:36.606878-04:00,17.58,735,17.59,868,54.24,142,54.31,127
2021-09-24 10:17:36.606878-04:00,17.58,735,17.59,868,54.27,8,54.32,126
2021-09-24 10:17:49.448587-04:00,17.57,2688,17.58,798,54.27,8,54.32,126
2021-09-24 10:17:49.448587-04:00,17.57,2688,17.58,798,54.27,8,54.32,126
2021-09-24 10:17:49.448587-04:00,17.57,2688,17.58,798,54.27,8,54.32,126
2021-09-24 10:17:57.636696-04:00,17.57,2688,17.58,798,54.27,8,54.32,126
2021-09-24 10:17:57.636696-04:00,17.57,2688,17.58,798,54.27,13,54.32,36
2021-09-24 10:17:57.636696-04:00,17.57,2127,17.58,828,54.27,13,54.32,36
2021-09-24 10:17:57.636696-04:00,17.57,2127,17.58,828,54.27,13,54.32,36
2021-09-24 10:18:08.651247-04:00,17.57,2127,17.58,828,54.27,146,54.32,36
2021-09-24 10:18:08.651247-04:00,17.57,1795,17.58,932,54.27,146,54.32,36
2021-09-24 10:18:08.651247-04:00,17.57,1795,17.58,932,54.27,146,54.32,36
2021-09-24 10:18:08.651247-04:00,17.57,1795,17.58,932,54.27,146,54.32,36
2021-09-24 10:18:18.663476-04:00,17.57,1795,17.58,932,54.3,126,54.36,54
2021-09-24 10:18:18.663476-04:00,17.56,514,17.57,1499,54.3,126,54.36,54
2021-09-24 10:18:18.663476-04:00,17.56,514,17.57,1499,54.3,126,54.36,54
2021-09-24 10:18:18.663476-04:00,17.56,514,17.57,1499,54.33,2,54.38,73
2021-09-24 10:18:29.701984-04:00,17.56,514,17.57,1499,54.33,2,54.38,73
2021-09-24 10:18:29.701984-04:00,17.55,629,17.56,1213,54.33,2,54.38,73
2021-09-24 10:18:29.701984-04:00,17.55,629,17.56,1213,54.33,2,54.38,73
2021-09-24 10:18:36.690281-04:00,17.55,629,17.56,1213,54.33,2,54.38,73
2021-09-24 10:18:36.690281-04:00,17.55,629,17.56,1213,54.33,2,54.38,73
2021-09-24 10:18:36.690281-04:00,17.55,568,17.56,1302,54.33,125,54.39,90
2021-09-24 10:18:43.696548-04:00,17.55,568,17.56,1302,54.33,125,54.39,90
2021-09-24 10:18:43.696548-04:00,17.55,568,17.56,1302,54.33,125,54.39,90
2021-09-24 10:18:45.700191-04:00,17.55,568,17.56,1302,54.33,125,54.39,90
2021-09-24 10:18:45.700191-04:00,17.55,568,17.56,1302,54.34,136,54.39,36
2021-09-24 10:18:45.700191-04:00,17.55,492,17.56,2383,54.34,136,54.39,36
2021-09-24 10:18:45.700191-04:00,17.55,492,17.56,2383,54.34,136,54.39,36
2021-09-24 10:18:45.700191-04:00,17.55,492,17.56,2383,54.34,136,54.39,36
2021-09-24 10:18:45.700191-04:00,17.55,492,17.56,2383,54.36,143,54.41,90
2021-09-24 10:18:45.700191-04:00,17.55,492,17.56,2383,54.36,143,54.41,90
2021-09-24 10:18:58.717394-04:00,17.54,2467,17.55,881,54.36,143,54.41,90
2021-09-24 10:18:58.717394-04:00,17.54,2467,17.55,881,54.36,143,54.41,90
2021-09-24 10:18:58.717394-04:00,17.54,2467,17.55,881,54.36,143,54.41,90
2021-09-24 10:18:58.717394-04:00,17.54,2467,17.55,881,54.36,125,54.39,2
2021-09-24 10:19:10.278479-04:00,17.54,762,17.55,1031,54.36,125,54.39,2
2021-09-24 10:19:10.278479-04:00,17.54,762,17.55,1031,54.36,125,54.39,2
2021-09-24 10:19:10.278479-04:00,17.54,762,17.55,1031,54.39,144,54.45,72
2021-09-24 10:19:10.278479-04:00,17.54,762,17.55,1031,54.39,144,54.45,72
2021-09-24 10:19:18.741850-04:00,17.54,762,17.55,1031,54.39,144,54.45,72
2021-09-24 10:19:18.741850-04:00,17.53,1539,17.54,788,54.39,144,54.45,72
2021-09-24 10:19:18.741850-04:00,17.53,1539,17.54,788,54.39,144,54.45,72
2021-09-24 10:19:25.499783-04:00,17.53,1539,17.54,788,54.39,144,54.45,72
2021-09-24 10:19:25.499783-04:00,17.53,1539,17.54,788,54.39,144,54.45,72
2021-09-24 10:19:25.499783-04:00,17.53,1539,17.54,788,54.38,19,54.43,109
2021-09-24 10:19:25.499783-04:00,17.53,1539,17.54,788,54.38,19,54.43,109
2021-09-24 10:19:25.499783-04:00,17.54,362,17.55,2636,54.38,19,54.43,109
2021-09-24 10:19:25.499783-04:00,17.54,362,17.55,2636,54.38,19,54.43,109
2021-09-24 10:19:25.499783-04:00,17.54,362,17.55,2636,54.44,105,54.49,36
2021-09-24 10:19:38.517993-04:00,17.54,362,17.55,2636,54.44,105,54.49,36
2021-09-24 10:19:38.517993-04:00,17.54,362,17.55,2636,54.44,105,54.49,36
2021-09-24 10:19:38.517993-04:00,17.52,287,17.53,2115,54.44,105,54.49,36
2021-09-24 10:19:43.524656-04:00,17.52,287,17.53,2115,54.43,18,54.48,109
2021-09-24 10:19:50.746350-04:00,17.52,287,17.53,2115,54.43,18,54.48,109
2021-09-24 10:19:50.746350-04:00,17.52,287,17.53,2115,54.43,18,54.48,109
2021-09-24 10:19:50.746350-04:00,17.52,287,17.53,2115,54.43,18,54.48,109
2021-09-24 10:19:50.746350-04:00,17.52,1703,17.53,877,54.43,18,54.48,109
2021-09-24 10:19:50.746350-04:00,17.52,1703,17.53,877,54.43,18,54.48,109
2021-09-24 10:19:50.746350-04:00,17.51,3729,17.52,449,54.43,18,54.48,109
2021-09-24 10:19:50.746350-04:00,17.51,3729,17.52,449,54.43,18,54.48,109
2021-09-24 10:19:50.746350-04:00,17.51,3729,17.52,449,54.44,156,54.49,18
2021-09-24 10:19:58.544502-04:00,17.51,3729,17.52,449,54.44,156,54.49,18
2021-09-24 10:19:58.544502-04:00,17.51,3729,17.52,449,54.44,156,54.49,18
2021-09-24 10:19:58.544502-04:00,17.51,3729,17.52,449,54.44,156,54.49,18
2021-09-24 10:19:58.544502-04:00,17.51,4162,17.52,420,54.44,156,54.49,18
2021-09-24 10:19:58.544502-04:00,17.51,4162,17.52,420,54.44,128,54.5,128
2021-09-24 10:20:08.556775-04:00,17.51,4162,17.52,420,54.44,128,54.5,128
2021-09-24 10:20:08.556775-04:00,17.51,4162,17.52,420,54.44,128,54.5,128
2021-09-24 10:20:08.556775-04:00,17.51,4162,17.52,420,54.44,128,54.5,128
2021-09-24 10:20:08.556775-04:00,17.51,4162,17.52,420,54.44,128,54.5,128
2021-09-24 10:20:08.556775-04:00,17.51,1069,17.52,1000,54.44,128,54.5,128
2021-09-24 10:20:18.569003-04:00,17.51,1069,17.52,1000,54.46,137,54.52,126
2021-09-24 10:20:18.569003-04:00,17.51,1069,17.52,1000,54.46,137,54.52,126
2021-09-24 10:20:18.569003-04:00,17.52,4675,17.53,382,54.46,137,54.52,126
2021-09-24 10:20:18.569003-04:00,17.52,4675,17.53,382,54.42,16,54.46,18
2021-09-24 10:20:18.569003-04:00,17.52,4675,17.53,382,54.42,16,54.46,18
2021-09-24 10:20:30.995780-04:00,17.52,4675,17.53,382,54.42,16,54.46,18
2021-09-24 10:20:33.534989-04:00,17.52,4675,17.53,382,54.42,16,54.46,18
2021-09-24 10:20:33.534989-04:00,17.52,4675,17.53,382,54.42,16,54.46,18
2021-09-24 10:20:33.534989-04:00,17.53,1113,17.54,2178,54.42,7,54.48,90
2021-09-24 10:20:38.541605-04:00,17.53,1113,17.54,2178,54.42,7,54.48,90
2021-09-24 10:20:47.619334-04:00,17.53,1113,17.54,2178,54.42,7,54.48,90
2021-09-24 10:20:47.619334-04:00,17.53,339,17.54,2579,54.42,7,54.48,90
2021-09-24 10:20:47.619334-04:00,17.53,339,17.54,2579,54.41,71,54.47,18
2021-09-24 10:20:47.619334-04:00,17.53,339,17.54,2579,54.41,71,54.47,18
2021-09-24 10:20:58.109291-04:00,17.53,339,17.54,2579,54.41,71,54.47,18
2021-09-24 10:20:58.109291-04:00,17.53,339,17.54,2579,54.4,33,54.45,91
2021-09-24 10:20:58.109291-04:00,17.53,339,17.54,2579,54.4,33,54.45,91
2021-09-24 10:20:58.109291-04:00,17.53,2611,17.54,462,54.4,33,54.45,91
2021-09-24 10:20:59.635351-04:00,17.53,2611,17.54,462,54.4,33,54.45,91
2021-09-24 10:21:11.639116-04:00,17.53,2611,17.54,462,54.4,33,54.45,91
2021-09-24 10:21:11.639116-04:00,17.54,1563,17.55,1935,54.38,134,54.43,126
2021-09-24 10:21:11.639116-04:00,17.54,1563,17.55,1935,54.38,134,54.43,126
2021-09-24 10:21:11.639116-04:00,17.54,1563,17.55,1935,54.38,134,54.43,126
2021-09-24 10:21:16.656699-04:00,17.54,1563,17.55,1935,54.38,134,54.43,126
2021-09-24 10:21:16.656699-04:00,17.54,1563,17.55,1935,54.35,5,54.4,127
2021-09-24 10:21:16.656699-04:00,17.54,1563,17.55,1935,54.35,5,54.4,127
2021-09-24 10:21:16.656699-04:00,17.55,2055,17.56,1767,54.35,5,54.4,127
2021-09-24 10:21:16.656699-04:00,17.55,2055,17.56,1767,54.35,5,54.4,127
2021-09-24 10:21:28.672642-04:00,17.55,2055,17.56,1767,54.35,5,54.4,127
2021-09-24 10:21:28.672642-04:00,17.55,982,17.56,1776,54.35,73,54.4,72
2021-09-24 10:21:28.672642-04:00,17.55,982,17.56,1776,54.35,73,54.4,72
2021-09-24 10:21:28.672642-04:00,17.55,982,17.56,1776,54.35,73,54.4,72
2021-09-24 10:21:29.674964-04:00,17.55,982,17.56,1776,54.35,73,54.4,72
2021-09-24 10:21:38.684875-04:00,17.54,3989,17.55,1588,54.36,99,54.41,18
2021-09-24 10:21:38.684875-04:00,17.54,3989,17.55,1588,54.36,99,54.41,18
2021-09-24 10:21:38.684875-04:00,17.54,3989,17.55,1588,54.36,99,54.41,18
2021-09-24 10:21:38.684875-04:00,17.54,3989,17.55,1588,54.36,99,54.41,18
2021-09-24 10:21:38.684875-04:00,17.54,3989,17.55,1588,54.36,99,54.41,18
2021-09-24 10:21:51.774879-04:00,17.54,4438,17.55,354,54.36,99,54.41,18
2021-09-24 10:21:51.774879-04:00,17.54,4438,17.55,354,54.35,110,54.42,178
2021-09-24 10:21:51.774879-04:00,17.54,4438,17.55,354,54.35,110,54.42,178
2021-09-24 10:21:58.710334-04:00,17.54,4438,17.55,354,54.35,110,54.42,178
2021-09-24 10:21:58.710334-04:00,17.55,1068,17.56,2953,54.36,41,54.41,127
2021-09-24 10:21:58.710334-04:00,17.55,1068,17.56,2953,54.36,41,54.41,127
2021-09-24 10:21:59.710659-04:00,17.55,1068,17.56,2953,54.36,41,54.41,127
