time,bid1,bid_size1,ask1,ask_size1,bid2,bid_size2,ask2,ask_size2,bid3,bid_size3,ask3,ask_size3,bid4,bid_size4,ask4,ask_size4,bid5,bid_size5,ask5,ask_size5,bid6,bid_size6,ask6,ask_size6,bid7,bid_size7,ask7,ask_size7
2021-10-01 09:30:02.981037-04:00,34.47,8.0,34.57,90.0,18.13,310.0,18.15,791.0,16.58,51.0,16.59,1349.0,52.49,90.0,52.59,8.0,16.19,59.0,16.2,19.0,24.39,51.0,24.41,239.0,68.32,2.0,68.75,2.0
2021-10-01 09:30:02.981037-04:00,34.47,8.0,34.57,90.0,18.13,310.0,18.15,791.0,16.58,51.0,16.59,1349.0,52.5,90.0,52.59,8.0,16.19,59.0,16.2,19.0,24.39,51.0,24.41,239.0,68.32,2.0,68.75,2.0
2021-10-01 09:30:02.981037-04:00,34.47,8.0,34.57,90.0,18.13,310.0,18.15,791.0,16.58,51.0,16.59,1349.0,52.5,90.0,52.59,8.0,16.19,59.0,16.2,19.0,24.39,64.0,24.41,229.0,68.32,2.0,68.75,2.0
2021-10-01 09:30:02.981037-04:00,34.47,8.0,34.57,90.0,18.13,315.0,18.14,57.0,16.58,51.0,16.59,1349.0,52.5,90.0,52.59,8.0,16.19,59.0,16.2,19.0,24.39,64.0,24.41,229.0,68.32,2.0,68.75,2.0
2021-10-01 09:30:02.981037-04:00,34.47,8.0,34.57,90.0,18.13,315.0,18.14,57.0,16.58,51.0,16.59,1349.0,52.5,90.0,52.59,8.0,16.19,72.0,16.2,136.0,24.39,64.0,24.41,229.0,68.32,2.0,68.75,2.0
2021-10-01 09:30:05.726185-04:00,34.47,8.0,34.56,90.0,18.13,315.0,18.14,57.0,16.58,51.0,16.59,1349.0,52.5,90.0,52.59,8.0,16.19,72.0,16.2,136.0,24.39,64.0,24.41,229.0,68.32,2.0,68.75,2.0
2021-10-01 09:30:05.726185-04:00,34.47,8.0,34.56,90.0,18.13,315.0,18.14,57.0,16.57,841.0,16.58,684.0,52.5,90.0,52.59,8.0,16.19,72.0,16.2,136.0,24.39,64.0,24.41,229.0,68.32,2.0,68.75,2.0
2021-10-01 09:30:07.729936-04:00,34.47,8.0,34.56,90.0,18.13,315.0,18.14,57.0,16.57,841.0,16.58,684.0,52.5,90.0,52.59,8.0,16.19,72.0,16.2,136.0,24.39,63.0,24.41,229.0,68.32,2.0,68.75,2.0
2021-10-01 09:30:07.729936-04:00,34.47,8.0,34.56,90.0,18.13,261.0,18.15,571.0,16.57,841.0,16.58,684.0,52.5,90.0,52.59,8.0,16.19,72.0,16.2,136.0,24.39,63.0,24.41,229.0,68.32,2.0,68.75,2.0
2021-10-01 09:30:07.729936-04:00,34.47,8.0,34.56,90.0,18.13,261.0,18.15,571.0,16.57,841.0,16.58,684.0,52.5,90.0,52.59,8.0,16.19,72.0,16.2,118.0,24.39,63.0,24.41,229.0,68.32,2.0,68.75,2.0
2021-10-01 09:30:07.729936-04:00,34.47,8.0,34.56,90.0,18.13,261.0,18.15,571.0,16.57,841.0,16.58,57.0,52.5,90.0,52.59,8.0,16.19,72.0,16.2,118.0,24.39,63.0,24.41,229.0,68.32,2.0,68.75,2.0
2021-10-01 09:30:07.729936-04:00,34.47,8.0,34.56,90.0,18.13,320.0,18.14,57.0,16.57,841.0,16.58,57.0,52.5,90.0,52.59,8.0,16.19,72.0,16.2,118.0,24.39,63.0,24.41,229.0,68.32,2.0,68.75,2.0
2021-10-01 09:30:07.729936-04:00,34.47,8.0,34.56,90.0,18.13,320.0,18.14,57.0,16.57,841.0,16.58,126.0,52.5,90.0,52.59,8.0,16.19,72.0,16.2,118.0,24.39,63.0,24.41,229.0,68.32,2.0,68.75,2.0
2021-10-01 09:30:07.729936-04:00,34.47,8.0,34.56,90.0,18.13,320.0,18.14,57.0,16.57,841.0,16.58,126.0,52.5,90.0,52.59,8.0,16.19,72.0,16.2,118.0,24.39,60.0,24.41,229.0,68.32,2.0,68.75,2.0
2021-10-01 09:30:07.729936-04:00,34.47,8.0,34.56,90.0,18.13,320.0,18.14,57.0,16.57,841.0,16.58,126.0,52.45,72.0,52.57,8.0,16.19,72.0,16.2,118.0,24.39,60.0,24.41,229.0,68.32,2.0,68.75,2.0
2021-10-01 09:30:07.729936-04:00,34.47,8.0,34.56,90.0,18.13,320.0,18.14,57.0,16.57,841.0,16.58,126.0,52.45,72.0,52.57,8.0,16.19,69.0,16.2,146.0,24.39,60.0,24.41,229.0,68.32,2.0,68.75,2.0
2021-10-01 09:30:07.729936-04:00,34.47,8.0,34.56,90.0,18.14,217.0,18.16,453.0,16.57,841.0,16.58,126.0,52.45,72.0,52.57,8.0,16.19,69.0,16.2,146.0,24.39,60.0,24.41,229.0,68.32,2.0,68.75,2.0
2021-10-01 09:30:07.729936-04:00,34.47,8.0,34.56,90.0,18.14,217.0,18.16,453.0,16.58,1231.0,16.59,1351.0,52.45,72.0,52.57,8.0,16.19,69.0,16.2,146.0,24.39,60.0,24.41,229.0,68.32,2.0,68.75,2.0
2021-10-01 09:30:37.867209-04:00,34.49,16.0,34.6,18.0,18.14,217.0,18.16,453.0,16.58,1231.0,16.59,1351.0,52.45,72.0,52.57,8.0,16.19,69.0,16.2,146.0,24.39,60.0,24.41,229.0,68.32,2.0,68.75,2.0
2021-10-01 09:30:37.867209-04:00,34.49,16.0,34.6,18.0,18.14,299.0,18.16,757.0,16.58,1231.0,16.59,1351.0,52.45,72.0,52.57,8.0,16.19,69.0,16.2,146.0,24.39,60.0,24.41,229.0,68.32,2.0,68.75,2.0
2021-10-01 09:30:37.867209-04:00,34.49,16.0,34.6,18.0,18.14,299.0,18.16,757.0,16.58,1231.0,16.59,1351.0,52.46,72.0,52.57,8.0,16.19,69.0,16.2,146.0,24.39,60.0,24.41,229.0,68.32,2.0,68.75,2.0
2021-10-01 09:30:46.958904-04:00,34.49,8.0,34.6,72.0,18.14,299.0,18.16,757.0,16.58,1231.0,16.59,1279.0,52.46,72.0,52.57,8.0,16.19,69.0,16.2,146.0,24.39,60.0,24.41,229.0,68.32,2.0,68.75,2.0
2021-10-01 09:30:46.958904-04:00,34.49,8.0,34.6,72.0,18.14,299.0,18.16,757.0,16.58,1231.0,16.59,1279.0,52.46,72.0,52.57,8.0,16.19,69.0,16.2,146.0,24.39,54.0,24.41,229.0,68.32,2.0,68.75,2.0
2021-10-01 09:30:46.958904-04:00,34.49,8.0,34.6,72.0,18.13,317.0,18.15,894.0,16.58,1231.0,16.59,1279.0,52.49,90.0,52.61,26.0,16.19,69.0,16.2,146.0,24.39,54.0,24.41,229.0,68.32,2.0,68.75,2.0
2021-10-01 09:30:46.958904-04:00,34.49,8.0,34.6,72.0,18.13,317.0,18.15,894.0,16.58,126.0,16.59,1413.0,52.49,90.0,52.61,26.0,16.19,63.0,16.2,182.0,24.39,54.0,24.41,229.0,68.32,2.0,68.75,2.0
2021-10-01 09:30:55.096160-04:00,34.44,44.0,34.57,72.0,18.13,317.0,18.15,894.0,16.58,126.0,16.59,1413.0,52.49,90.0,52.61,26.0,16.19,63.0,16.2,182.0,24.39,54.0,24.41,229.0,68.32,2.0,68.75,2.0
2021-10-01 09:30:55.096160-04:00,34.44,44.0,34.57,72.0,18.13,317.0,18.15,894.0,16.58,126.0,16.59,1413.0,52.49,90.0,52.61,26.0,16.18,56.0,16.2,168.0,24.39,54.0,24.41,229.0,68.32,2.0,68.75,2.0
2021-10-01 09:30:55.096160-04:00,34.44,44.0,34.57,72.0,18.13,317.0,18.15,894.0,16.58,126.0,16.59,1413.0,52.49,90.0,52.61,26.0,16.18,56.0,16.2,168.0,24.38,54.0,24.4,46.0,68.32,2.0,68.75,2.0
2021-10-01 09:31:08.516473-04:00,34.44,8.0,34.53,90.0,18.13,317.0,18.15,894.0,16.58,126.0,16.59,1413.0,52.49,90.0,52.61,26.0,16.18,56.0,16.2,168.0,24.38,54.0,24.4,46.0,68.32,2.0,68.75,2.0
2021-10-01 09:31:08.516473-04:00,34.44,8.0,34.53,90.0,18.13,317.0,18.15,894.0,16.58,126.0,16.59,1413.0,52.53,90.0,52.61,8.0,16.18,56.0,16.2,168.0,24.38,54.0,24.4,46.0,68.32,2.0,68.75,2.0
2021-10-01 09:31:08.516473-04:00,34.44,8.0,34.53,90.0,18.12,143.0,18.13,285.0,16.58,126.0,16.59,1413.0,52.53,90.0,52.61,8.0,16.18,56.0,16.2,168.0,24.38,54.0,24.4,46.0,68.32,2.0,68.75,2.0
2021-10-01 09:31:08.516473-04:00,34.44,8.0,34.53,90.0,18.12,143.0,18.13,285.0,16.57,857.0,16.58,1501.0,52.53,90.0,52.61,8.0,16.18,56.0,16.2,168.0,24.38,54.0,24.4,46.0,68.32,2.0,68.75,2.0
2021-10-01 09:31:13.847976-04:00,34.44,8.0,34.54,36.0,18.12,143.0,18.13,285.0,16.57,857.0,16.58,1501.0,52.53,90.0,52.61,8.0,16.18,56.0,16.2,168.0,24.38,54.0,24.4,46.0,68.32,2.0,68.75,2.0
2021-10-01 09:31:13.847976-04:00,34.44,8.0,34.54,36.0,18.12,143.0,18.13,285.0,16.57,857.0,16.58,1501.0,52.52,36.0,52.61,8.0,16.18,56.0,16.2,168.0,24.38,54.0,24.4,46.0,68.32,2.0,68.75,2.0
2021-10-01 09:31:13.847976-04:00,34.44,8.0,34.54,36.0,18.12,143.0,18.13,285.0,16.57,857.0,16.58,1462.0,52.52,36.0,52.61,8.0,16.18,56.0,16.2,168.0,24.38,54.0,24.4,46.0,68.32,2.0,68.75,2.0
2021-10-01 09:31:13.847976-04:00,34.44,8.0,34.54,36.0,18.12,143.0,18.13,285.0,16.57,857.0,16.58,1462.0,52.52,36.0,52.61,8.0,16.18,55.0,16.2,201.0,24.38,54.0,24.4,46.0,68.32,2.0,68.75,2.0
2021-10-01 09:31:13.847976-04:00,34.44,8.0,34.54,36.0,18.13,23.0,18.14,747.0,16.57,857.0,16.58,1462.0,52.52,36.0,52.61,8.0,16.18,55.0,16.2,201.0,24.38,54.0,24.4,46.0,68.32,2.0,68.75,2.0
2021-10-01 09:31:13.847976-04:00,34.44,8.0,34.54,36.0,18.13,23.0,18.14,747.0,16.57,857.0,16.58,1462.0,52.52,36.0,52.61,8.0,16.18,55.0,16.2,201.0,24.38,58.0,24.4,75.0,68.32,2.0,68.75,2.0
2021-10-01 09:31:13.847976-04:00,34.44,8.0,34.54,36.0,18.13,23.0,18.14,747.0,16.57,857.0,16.58,1462.0,52.52,36.0,52.61,8.0,16.18,59.0,16.2,201.0,24.38,58.0,24.4,75.0,68.32,2.0,68.75,2.0
2021-10-01 09:31:13.847976-04:00,34.44,8.0,34.54,36.0,18.13,32.0,18.14,343.0,16.57,857.0,16.58,1462.0,52.52,36.0,52.61,8.0,16.18,59.0,16.2,201.0,24.38,58.0,24.4,75.0,68.32,2.0,68.75,2.0
2021-10-01 09:31:13.847976-04:00,34.44,8.0,34.54,36.0,18.13,32.0,18.14,343.0,16.57,857.0,16.58,1462.0,52.52,36.0,52.61,8.0,16.18,59.0,16.2,201.0,24.38,53.0,24.4,58.0,68.32,2.0,68.75,2.0
2021-10-01 09:31:13.847976-04:00,34.44,8.0,34.54,36.0,18.13,32.0,18.14,343.0,16.57,812.0,16.58,1174.0,52.52,36.0,52.61,8.0,16.18,59.0,16.2,201.0,24.38,53.0,24.4,58.0,68.32,2.0,68.75,2.0
2021-10-01 09:31:35.951978-04:00,34.44,52.0,34.56,72.0,18.13,32.0,18.14,343.0,16.57,812.0,16.58,1174.0,52.52,36.0,52.61,8.0,16.18,59.0,16.2,201.0,24.38,53.0,24.4,58.0,68.32,2.0,68.75,2.0
2021-10-01 09:31:35.951978-04:00,34.44,52.0,34.56,72.0,18.13,32.0,18.14,343.0,16.57,812.0,16.58,1174.0,52.52,36.0,52.61,8.0,16.19,41.0,16.2,201.0,24.38,53.0,24.4,58.0,68.32,2.0,68.75,2.0
2021-10-01 09:31:35.951978-04:00,34.44,52.0,34.56,72.0,18.13,32.0,18.14,343.0,16.57,812.0,16.58,1174.0,52.5,90.0,52.61,26.0,16.19,41.0,16.2,201.0,24.38,53.0,24.4,58.0,68.32,2.0,68.75,2.0
2021-10-01 09:31:35.951978-04:00,34.44,52.0,34.56,72.0,18.13,583.0,18.14,285.0,16.57,812.0,16.58,1174.0,52.5,90.0,52.61,26.0,16.19,41.0,16.2,201.0,24.38,53.0,24.4,58.0,68.32,2.0,68.75,2.0
2021-10-01 09:31:35.951978-04:00,34.44,52.0,34.56,72.0,18.13,583.0,18.14,285.0,16.57,812.0,16.58,1174.0,52.5,90.0,52.61,26.0,16.19,41.0,16.2,201.0,24.39,34.0,24.4,17.0,68.32,2.0,68.75,2.0
2021-10-01 09:31:35.951978-04:00,34.44,52.0,34.56,72.0,18.13,583.0,18.14,285.0,16.57,1316.0,16.58,850.0,52.5,90.0,52.61,26.0,16.19,41.0,16.2,201.0,24.39,34.0,24.4,17.0,68.32,2.0,68.75,2.0
2021-10-01 09:31:35.951978-04:00,34.44,52.0,34.56,72.0,18.13,583.0,18.14,285.0,16.57,1316.0,16.58,850.0,52.51,90.0,52.61,8.0,16.19,41.0,16.2,201.0,24.39,34.0,24.4,17.0,68.32,2.0,68.75,2.0
2021-10-01 09:31:35.951978-04:00,34.44,52.0,34.56,72.0,18.13,583.0,18.14,285.0,16.57,1316.0,16.58,1513.0,52.51,90.0,52.61,8.0,16.19,41.0,16.2,201.0,24.39,34.0,24.4,17.0,68.32,2.0,68.75,2.0
2021-10-01 09:31:35.951978-04:00,34.44,52.0,34.56,72.0,18.13,583.0,18.14,285.0,16.57,1316.0,16.58,1513.0,52.51,90.0,52.61,8.0,16.19,41.0,16.2,201.0,24.39,49.0,24.4,17.0,68.32,2.0,68.75,2.0
2021-10-01 09:31:45.274473-04:00,34.44,8.0,34.55,108.0,18.13,583.0,18.14,285.0,16.57,1316.0,16.58,1513.0,52.51,90.0,52.61,8.0,16.19,41.0,16.2,201.0,24.39,49.0,24.4,17.0,68.32,2.0,68.75,2.0
2021-10-01 09:31:45.274473-04:00,34.44,8.0,34.55,108.0,18.13,583.0,18.14,285.0,16.57,1316.0,16.58,1513.0,52.51,90.0,52.61,8.0,16.19,51.0,16.2,201.0,24.39,49.0,24.4,17.0,68.32,2.0,68.75,2.0
2021-10-01 09:31:45.274473-04:00,34.44,8.0,34.55,108.0,18.13,87.0,18.14,342.0,16.57,1316.0,16.58,1513.0,52.51,90.0,52.61,8.0,16.19,51.0,16.2,201.0,24.39,49.0,24.4,17.0,68.32,2.0,68.75,2.0
2021-10-01 09:31:55.886192-04:00,34.44,16.0,34.55,108.0,18.13,87.0,18.14,342.0,16.57,1316.0,16.58,1513.0,52.51,90.0,52.61,8.0,16.19,51.0,16.2,201.0,24.39,49.0,24.4,17.0,68.32,2.0,68.75,2.0
2021-10-01 09:31:55.886192-04:00,34.44,16.0,34.55,108.0,18.13,46.0,18.14,342.0,16.57,1316.0,16.58,1513.0,52.51,90.0,52.61,8.0,16.19,51.0,16.2,201.0,24.39,49.0,24.4,17.0,68.32,2.0,68.75,2.0
2021-10-01 09:31:55.886192-04:00,34.44,16.0,34.55,108.0,18.13,46.0,18.14,342.0,16.57,1316.0,16.58,826.0,52.51,90.0,52.61,8.0,16.19,51.0,16.2,201.0,24.39,49.0,24.4,17.0,68.32,2.0,68.75,2.0
2021-10-01 09:31:55.886192-04:00,34.44,16.0,34.55,108.0,18.13,46.0,18.14,342.0,16.57,1316.0,16.58,826.0,52.51,90.0,52.61,8.0,16.19,56.0,16.2,219.0,24.39,49.0,24.4,17.0,68.32,2.0,68.75,2.0
2021-10-01 09:31:55.886192-04:00,34.44,16.0,34.55,108.0,18.13,46.0,18.14,342.0,16.57,1316.0,16.58,826.0,52.51,90.0,52.61,8.0,16.19,56.0,16.2,219.0,24.39,56.0,24.4,17.0,68.32,2.0,68.75,2.0
2021-10-01 09:32:03.646506-04:00,34.44,52.0,34.55,36.0,18.13,46.0,18.14,342.0,16.57,1316.0,16.58,826.0,52.51,90.0,52.61,8.0,16.19,56.0,16.2,219.0,24.39,56.0,24.4,17.0,68.32,2.0,68.75,2.0
2021-10-01 09:32:03.646506-04:00,34.44,52.0,34.55,36.0,18.13,46.0,18.14,342.0,16.57,1316.0,16.58,826.0,52.51,36.0,52.61,8.0,16.19,56.0,16.2,219.0,24.39,56.0,24.4,17.0,68.32,2.0,68.75,2.0
2021-10-01 09:32:03.646506-04:00,34.44,52.0,34.55,36.0,18.13,410.0,18.14,228.0,16.57,1316.0,16.58,826.0,52.51,36.0,52.61,8.0,16.19,56.0,16.2,219.0,24.39,56.0,24.4,17.0,68.32,2.0,68.75,2.0
2021-10-01 09:32:03.646506-04:00,34.44,52.0,34.55,36.0,18.13,410.0,18.14,228.0,16.57,1316.0,16.58,1037.0,52.51,36.0,52.61,8.0,16.19,56.0,16.2,219.0,24.39,56.0,24.4,17.0,68.32,2.0,68.75,2.0
2021-10-01 09:32:03.646506-04:00,34.44,52.0,34.55,36.0,18.13,514.0,18.14,228.0,16.57,1316.0,16.58,1037.0,52.51,36.0,52.61,8.0,16.19,56.0,16.2,219.0,24.39,56.0,24.4,17.0,68.32,2.0,68.75,2.0
2021-10-01 09:32:03.646506-04:00,34.44,52.0,34.55,36.0,18.13,514.0,18.14,228.0,16.57,1442.0,16.58,1059.0,52.51,36.0,52.61,8.0,16.19,56.0,16.2,219.0,24.39,56.0,24.4,17.0,68.32,2.0,68.75,2.0
2021-10-01 09:32:03.646506-04:00,34.44,52.0,34.55,36.0,18.13,217.0,18.14,228.0,16.57,1316.0,16.58,826.0,52.51,36.0,52.61,16.0,16.19,56.0,16.2,219.0,24.39,56.0,24.4,17.0,68.32,2.0,68.75,2.0
2021-10-01 09:32:34.815226-04:00,34.44,16.0,34.55,108.0,18.13,217.0,18.14,228.0,16.57,1316.0,16.58,826.0,52.51,36.0,52.61,16.0,16.19,56.0,16.2,219.0,24.39,56.0,24.4,17.0,68.32,2.0,68.75,2.0
2021-10-01 09:32:34.815226-04:00,34.44,16.0,34.55,108.0,18.13,217.0,18.14,228.0,16.57,1316.0,16.58,826.0,52.51,90.0,52.61,16.0,16.19,56.0,16.2,219.0,24.39,56.0,24.4,17.0,68.32,2.0,68.75,2.0
2021-10-01 09:32:34.815226-04:00,34.44,16.0,34.55,108.0,18.13,217.0,18.14,228.0,16.57,1316.0,16.58,826.0,52.51,90.0,52.61,16.0,16.19,56.0,16.2,219.0,24.39,41.0,24.4,17.0,68.32,2.0,68.75,2.0
2021-10-01 09:32:34.815226-04:00,34.44,16.0,34.55,108.0,18.13,287.0,18.14,322.0,16.57,1316.0,16.58,826.0,52.51,90.0,52.61,16.0,16.19,56.0,16.2,219.0,24.39,41.0,24.4,17.0,68.32,2.0,68.75,2.0
2021-10-01 09:32:34.815226-04:00,34.44,16.0,34.55,108.0,18.13,287.0,18.14,322.0,16.57,1316.0,16.58,826.0,52.51,90.0,52.61,16.0,16.19,30.0,16.2,178.0,24.39,41.0,24.4,17.0,68.32,2.0,68.75,2.0
2021-10-01 09:32:34.815226-04:00,34.44,16.0,34.55,108.0,18.13,287.0,18.14,322.0,16.57,1316.0,16.58,1198.0,52.51,90.0,52.61,16.0,16.19,30.0,16.2,178.0,24.39,41.0,24.4,17.0,68.32,2.0,68.75,2.0
2021-10-01 09:32:38.713804-04:00,34.44,52.0,34.55,108.0,18.13,287.0,18.14,322.0,16.57,1316.0,16.58,1198.0,52.51,90.0,52.61,16.0,16.19,30.0,16.2,178.0,24.39,41.0,24.4,17.0,68.32,2.0,68.75,2.0
2021-10-01 09:32:38.713804-04:00,34.44,52.0,34.55,108.0,18.13,287.0,18.14,322.0,16.57,1316.0,16.58,1198.0,52.51,90.0,52.61,16.0,16.19,30.0,16.2,178.0,24.39,38.0,24.4,17.0,68.32,2.0,68.75,2.0
2021-10-01 09:32:38.713804-04:00,34.44,52.0,34.55,108.0,18.13,292.0,18.14,319.0,16.57,1316.0,16.58,1198.0,52.51,90.0,52.61,16.0,16.19,30.0,16.2,178.0,24.39,38.0,24.4,17.0,68.32,2.0,68.75,2.0
2021-10-01 09:32:38.713804-04:00,34.44,52.0,34.55,108.0,18.13,292.0,18.14,319.0,16.57,1316.0,16.58,1198.0,52.51,90.0,52.61,16.0,16.19,53.0,16.2,178.0,24.39,38.0,24.4,17.0,68.32,2.0,68.75,2.0
2021-10-01 09:32:38.713804-04:00,34.44,52.0,34.55,108.0,18.13,292.0,18.14,319.0,16.57,1316.0,16.58,1442.0,52.51,90.0,52.61,16.0,16.19,53.0,16.2,178.0,24.39,38.0,24.4,17.0,68.32,2.0,68.75,2.0
2021-10-01 09:32:38.713804-04:00,34.44,52.0,34.55,108.0,18.13,57.0,18.14,681.0,16.57,832.0,16.58,1176.0,52.51,90.0,52.61,16.0,16.19,53.0,16.2,178.0,24.39,38.0,24.4,17.0,68.32,2.0,68.75,2.0
2021-10-01 09:32:56.482443-04:00,34.44,16.0,34.55,108.0,18.13,57.0,18.14,681.0,16.57,832.0,16.58,1176.0,52.51,90.0,52.61,16.0,16.19,53.0,16.2,178.0,24.39,38.0,24.4,17.0,68.32,2.0,68.75,2.0
2021-10-01 09:32:56.482443-04:00,34.44,16.0,34.55,108.0,18.13,57.0,18.14,681.0,16.57,832.0,16.58,1176.0,52.51,90.0,52.61,16.0,16.19,53.0,16.2,178.0,24.38,63.0,24.4,17.0,68.32,2.0,68.75,2.0
2021-10-01 09:32:56.482443-04:00,34.44,16.0,34.55,108.0,18.13,57.0,18.14,681.0,16.57,832.0,16.58,1176.0,52.51,90.0,52.61,16.0,16.18,58.0,16.2,174.0,24.38,63.0,24.4,17.0,68.32,2.0,68.75,2.0
2021-10-01 09:32:56.482443-04:00,34.44,16.0,34.55,108.0,18.13,57.0,18.14,681.0,16.57,832.0,16.58,1176.0,52.52,18.0,52.61,8.0,16.18,58.0,16.2,174.0,24.38,63.0,24.4,17.0,68.32,2.0,68.75,2.0
2021-10-01 09:33:03.820461-04:00,34.44,8.0,34.54,18.0,18.13,57.0,18.14,681.0,16.57,832.0,16.58,1176.0,52.52,18.0,52.61,8.0,16.18,58.0,16.2,174.0,24.38,63.0,24.4,17.0,68.32,2.0,68.75,2.0
2021-10-01 09:33:03.820461-04:00,34.44,8.0,34.54,18.0,18.13,57.0,18.14,681.0,16.57,832.0,16.58,1176.0,52.52,18.0,52.61,8.0,16.18,58.0,16.2,174.0,24.38,57.0,24.4,52.0,68.32,2.0,68.75,2.0
2021-10-01 09:33:03.820461-04:00,34.44,8.0,34.54,18.0,18.13,57.0,18.14,681.0,16.57,832.0,16.58,1176.0,52.52,18.0,52.61,8.0,16.18,55.0,16.2,174.0,24.38,57.0,24.4,52.0,68.32,2.0,68.75,2.0
2021-10-01 09:33:03.820461-04:00,34.44,8.0,34.54,18.0,18.13,57.0,18.14,681.0,16.57,832.0,16.58,1176.0,52.51,90.0,52.61,8.0,16.18,55.0,16.2,174.0,24.38,57.0,24.4,52.0,68.32,2.0,68.75,2.0
2021-10-01 09:33:03.820461-04:00,34.44,8.0,34.54,18.0,18.13,57.0,18.14,681.0,16.57,832.0,16.58,1176.0,52.51,90.0,52.61,8.0,16.18,55.0,16.2,174.0,24.38,57.0,24.4,46.0,68.32,2.0,68.75,2.0
2021-10-01 09:33:10.078729-04:00,34.44,16.0,34.55,108.0,18.13,57.0,18.14,681.0,16.57,832.0,16.58,1176.0,52.51,90.0,52.61,8.0,16.18,55.0,16.2,174.0,24.38,57.0,24.4,46.0,68.32,2.0,68.75,2.0
2021-10-01 09:33:10.078729-04:00,34.44,16.0,34.55,108.0,18.13,382.0,18.14,228.0,16.57,832.0,16.58,1176.0,52.51,90.0,52.61,8.0,16.18,55.0,16.2,174.0,24.38,57.0,24.4,46.0,68.32,2.0,68.75,2.0
2021-10-01 09:33:10.078729-04:00,34.44,16.0,34.55,108.0,18.13,382.0,18.14,228.0,16.57,1350.0,16.58,1247.0,52.51,90.0,52.61,8.0,16.18,55.0,16.2,174.0,24.38,57.0,24.4,46.0,68.32,2.0,68.75,2.0
2021-10-01 09:33:10.078729-04:00,34.44,16.0,34.55,108.0,18.13,382.0,18.14,228.0,16.57,1350.0,16.58,835.0,52.51,90.0,52.61,8.0,16.18,55.0,16.2,174.0,24.38,57.0,24.4,46.0,68.32,2.0,68.75,2.0
2021-10-01 09:33:10.078729-04:00,34.44,16.0,34.55,108.0,18.13,180.0,18.14,228.0,16.57,1350.0,16.58,835.0,52.51,90.0,52.61,8.0,16.18,55.0,16.2,174.0,24.38,57.0,24.4,46.0,68.32,2.0,68.75,2.0
2021-10-01 09:33:10.078729-04:00,34.44,16.0,34.55,108.0,18.13,427.0,18.14,324.0,16.57,1350.0,16.58,835.0,52.51,90.0,52.61,8.0,16.18,55.0,16.2,174.0,24.38,57.0,24.4,46.0,68.32,2.0,68.75,2.0
2021-10-01 09:33:29.828207-04:00,34.44,52.0,34.55,108.0,18.13,427.0,18.14,324.0,16.57,1350.0,16.58,835.0,52.51,90.0,52.61,8.0,16.18,55.0,16.2,174.0,24.38,57.0,24.4,46.0,68.32,2.0,68.75,2.0
2021-10-01 09:33:29.828207-04:00,34.44,52.0,34.55,108.0,18.13,427.0,18.14,324.0,16.57,1476.0,16.58,1225.0,52.51,90.0,52.61,8.0,16.18,55.0,16.2,174.0,24.38,57.0,24.4,46.0,68.32,2.0,68.75,2.0
2021-10-01 09:33:29.828207-04:00,34.44,52.0,34.55,108.0,18.13,427.0,18.14,324.0,16.57,1350.0,16.58,1198.0,52.51,90.0,52.61,8.0,16.18,55.0,16.2,174.0,24.38,57.0,24.4,46.0,68.32,2.0,68.75,2.0
2021-10-01 09:33:29.828207-04:00,34.44,52.0,34.55,108.0,18.13,199.0,18.14,299.0,16.57,1350.0,16.58,1198.0,52.51,90.0,52.61,8.0,16.18,55.0,16.2,174.0,24.38,57.0,24.4,46.0,68.32,2.0,68.75,2.0
2021-10-01 09:33:44.052297-04:00,34.44,34.0,34.55,108.0,18.13,199.0,18.14,299.0,16.57,1350.0,16.58,1198.0,52.51,90.0,52.61,8.0,16.18,55.0,16.2,174.0,24.38,57.0,24.4,46.0,68.32,2.0,68.75,2.0
2021-10-01 09:33:44.052297-04:00,34.44,34.0,34.55,108.0,18.13,199.0,18.14,299.0,16.57,1350.0,16.58,1198.0,52.51,90.0,52.61,8.0,16.19,49.0,16.2,174.0,24.38,57.0,24.4,46.0,68.32,2.0,68.75,2.0
2021-10-01 09:33:44.052297-04:00,34.44,34.0,34.55,108.0,18.13,199.0,18.14,299.0,16.57,1350.0,16.58,1198.0,52.51,90.0,52.61,8.0,16.19,49.0,16.2,174.0,24.39,64.0,24.4,17.0,68.32,2.0,68.75,2.0
2021-10-01 09:33:57.871395-04:00,34.49,34.0,34.6,72.0,18.14,689.0,18.16,615.0,16.57,1350.0,16.58,1198.0,52.51,90.0,52.61,8.0,16.19,49.0,16.2,174.0,24.39,64.0,24.4,17.0,68.32,2.0,68.75,2.0
2021-10-01 09:33:57.871395-04:00,34.49,34.0,34.6,72.0,18.14,689.0,18.16,615.0,16.57,1350.0,16.58,1198.0,52.46,90.0,52.57,62.0,16.19,49.0,16.2,174.0,24.39,64.0,24.4,17.0,68.32,2.0,68.75,2.0
2021-10-01 09:33:57.871395-04:00,34.49,34.0,34.6,72.0,18.14,689.0,18.16,615.0,16.58,1190.0,16.59,1340.0,52.46,90.0,52.57,62.0,16.19,49.0,16.2,174.0,24.39,64.0,24.4,17.0,68.32,2.0,68.75,2.0
2021-10-01 09:34:04.224049-04:00,34.49,8.0,34.58,72.0,18.14,689.0,18.16,615.0,16.58,1190.0,16.59,1340.0,52.46,90.0,52.57,62.0,16.19,49.0,16.2,174.0,24.39,64.0,24.4,17.0,68.32,2.0,68.75,2.0
2021-10-01 09:34:04.224049-04:00,34.49,8.0,34.58,72.0,18.14,689.0,18.16,615.0,16.58,1190.0,16.59,1340.0,52.48,90.0,52.57,8.0,16.19,49.0,16.2,174.0,24.39,64.0,24.4,17.0,68.32,2.0,68.75,2.0
2021-10-01 09:34:04.224049-04:00,34.49,8.0,34.58,72.0,18.14,460.0,18.15,342.0,16.58,1190.0,16.59,1340.0,52.48,90.0,52.57,8.0,16.19,49.0,16.2,174.0,24.39,60.0,24.4,17.0,68.32,2.0,68.75,2.0
2021-10-01 09:34:04.224049-04:00,34.49,8.0,34.58,72.0,18.14,460.0,18.15,342.0,16.58,1190.0,16.59,1340.0,52.48,90.0,52.57,8.0,16.19,65.0,16.2,178.0,24.39,60.0,24.4,17.0,68.32,2.0,68.75,2.0
2021-10-01 09:34:04.224049-04:00,34.49,8.0,34.58,72.0,18.14,460.0,18.15,342.0,16.58,616.0,16.59,1470.0,52.48,90.0,52.57,8.0,16.19,65.0,16.2,178.0,24.39,60.0,24.4,17.0,68.32,2.0,68.75,2.0
2021-10-01 09:34:04.224049-04:00,34.49,8.0,34.58,72.0,18.13,614.0,18.15,719.0,16.58,616.0,16.59,1470.0,52.48,90.0,52.57,8.0,16.19,65.0,16.2,178.0,24.39,60.0,24.4,17.0,68.32,2.0,68.75,2.0
2021-10-01 09:34:04.224049-04:00,34.49,8.0,34.58,72.0,18.13,614.0,18.15,719.0,16.58,582.0,16.59,1344.0,52.48,90.0,52.57,8.0,16.19,59.0,16.2,178.0,24.39,55.0,24.4,17.0,68.32,2.0,68.75,2.0
2021-10-01 09:34:18.844155-04:00,34.49,8.0,34.58,72.0,18.13,614.0,18.15,719.0,16.58,582.0,16.59,1344.0,52.48,90.0,52.57,8.0,16.19,48.0,16.2,178.0,24.39,55.0,24.4,17.0,68.32,2.0,68.75,2.0
2021-10-01 09:34:18.844155-04:00,34.49,8.0,34.58,72.0,18.13,614.0,18.15,719.0,16.58,582.0,16.59,1344.0,52.48,90.0,52.57,8.0,16.19,48.0,16.2,178.0,24.39,37.0,24.4,17.0,68.32,2.0,68.75,2.0
2021-10-01 09:34:18.844155-04:00,34.49,8.0,34.58,72.0,18.14,400.0,18.15,844.0,16.58,582.0,16.59,1344.0,52.48,90.0,52.57,8.0,16.19,48.0,16.2,178.0,24.39,37.0,24.4,17.0,68.32,2.0,68.75,2.0
2021-10-01 09:34:18.844155-04:00,34.49,8.0,34.58,72.0,18.14,400.0,18.15,844.0,16.58,587.0,16.59,1344.0,52.48,90.0,52.57,8.0,16.19,48.0,16.2,178.0,24.39,37.0,24.4,17.0,68.32,2.0,68.75,2.0
2021-10-01 09:34:18.844155-04:00,34.49,8.0,34.58,72.0,18.14,486.0,18.16,753.0,16.58,587.0,16.59,1344.0,52.48,90.0,52.57,8.0,16.19,48.0,16.2,178.0,24.39,37.0,24.4,17.0,68.32,2.0,68.75,2.0
2021-10-01 09:34:34.751629-04:00,34.49,14.0,34.6,72.0,18.14,486.0,18.16,753.0,16.58,587.0,16.59,1344.0,52.48,90.0,52.57,8.0,16.19,48.0,16.2,178.0,24.39,37.0,24.4,17.0,68.32,2.0,68.75,2.0
2021-10-01 09:34:34.751629-04:00,34.49,14.0,34.6,72.0,18.14,486.0,18.16,753.0,16.58,587.0,16.59,1344.0,52.48,90.0,52.57,8.0,16.19,8.0,16.2,71.0,24.39,37.0,24.4,17.0,68.32,2.0,68.75,2.0
2021-10-01 09:34:34.751629-04:00,34.49,14.0,34.6,72.0,18.14,486.0,18.16,753.0,16.58,802.0,16.59,1178.0,52.48,90.0,52.57,8.0,16.19,8.0,16.2,71.0,24.39,37.0,24.4,17.0,68.32,2.0,68.75,2.0
2021-10-01 09:34:34.751629-04:00,34.49,14.0,34.6,72.0,18.14,486.0,18.16,753.0,16.58,802.0,16.59,1178.0,52.48,90.0,52.57,8.0,16.19,8.0,16.2,71.0,24.39,69.0,24.4,17.0,68.32,2.0,68.75,2.0
2021-10-01 09:34:34.751629-04:00,34.49,14.0,34.6,72.0,18.14,486.0,18.16,753.0,16.58,802.0,16.59,1178.0,52.46,90.0,52.57,14.0,16.19,8.0,16.2,71.0,24.39,69.0,24.4,17.0,68.32,2.0,68.75,2.0
2021-10-01 09:34:34.751629-04:00,34.49,14.0,34.6,72.0,18.14,486.0,18.16,753.0,16.58,1082.0,16.59,1318.0,52.46,90.0,52.57,14.0,16.19,8.0,16.2,71.0,24.39,69.0,24.4,17.0,68.32,2.0,68.75,2.0
2021-10-01 09:34:34.751629-04:00,34.49,14.0,34.6,72.0,18.14,486.0,18.16,753.0,16.58,1082.0,16.59,1318.0,52.49,18.0,52.56,118.0,16.19,8.0,16.2,71.0,24.39,69.0,24.4,17.0,68.32,2.0,68.75,2.0
2021-10-01 09:34:34.751629-04:00,34.49,14.0,34.6,72.0,18.14,602.0,18.16,901.0,16.58,1082.0,16.59,1318.0,52.49,18.0,52.56,118.0,16.19,8.0,16.2,71.0,24.39,69.0,24.4,17.0,68.32,2.0,68.75,2.0
2021-10-01 09:34:48.184769-04:00,34.5,118.0,34.58,72.0,18.14,602.0,18.16,901.0,16.58,1082.0,16.59,1318.0,52.49,18.0,52.56,118.0,16.19,8.0,16.2,71.0,24.39,69.0,24.4,17.0,68.32,2.0,68.75,2.0
2021-10-01 09:34:48.184769-04:00,34.5,118.0,34.58,72.0,18.14,602.0,18.16,901.0,16.58,1082.0,16.59,1318.0,52.49,90.0,52.56,118.0,16.19,8.0,16.2,71.0,24.39,69.0,24.4,17.0,68.32,2.0,68.75,2.0
2021-10-01 09:34:48.997599-04:00,34.5,118.0,34.57,72.0,18.14,602.0,18.16,901.0,16.58,1082.0,16.59,1318.0,52.49,90.0,52.56,118.0,16.19,8.0,16.2,71.0,24.39,69.0,24.4,17.0,68.32,2.0,68.75,2.0
2021-10-01 09:34:50.857670-04:00,34.5,118.0,34.57,72.0,18.14,602.0,18.16,901.0,16.58,1082.0,16.59,1318.0,52.5,72.0,52.56,104.0,16.19,8.0,16.2,71.0,24.39,69.0,24.4,17.0,68.32,2.0,68.75,2.0
2021-10-01 09:34:50.857670-04:00,34.5,118.0,34.57,72.0,18.14,602.0,18.16,901.0,16.58,1082.0,16.59,1318.0,52.5,72.0,52.56,104.0,16.19,8.0,16.2,71.0,24.39,54.0,24.4,17.0,68.32,2.0,68.75,2.0
2021-10-01 09:35:07.763797-04:00,34.5,46.0,34.56,18.0,18.14,602.0,18.16,901.0,16.58,1082.0,16.59,1318.0,52.5,72.0,52.56,104.0,16.19,8.0,16.2,71.0,24.39,54.0,24.4,17.0,68.32,2.0,68.75,2.0
2021-10-01 09:35:07.763797-04:00,34.5,46.0,34.56,18.0,18.14,489.0,18.15,63.0,16.58,1082.0,16.59,1318.0,52.5,72.0,52.56,104.0,16.19,8.0,16.2,71.0,24.39,54.0,24.4,17.0,68.32,2.0,68.75,2.0
2021-10-01 09:35:07.763797-04:00,34.5,46.0,34.56,18.0,18.14,489.0,18.15,63.0,16.58,1082.0,16.59,1318.0,52.5,72.0,52.56,104.0,16.19,58.0,16.2,186.0,24.39,54.0,24.4,17.0,68.32,2.0,68.75,2.0
2021-10-01 09:35:07.763797-04:00,34.5,46.0,34.56,18.0,18.14,489.0,18.15,63.0,16.58,803.0,16.59,1243.0,52.5,72.0,52.56,104.0,16.19,58.0,16.2,186.0,24.39,54.0,24.4,17.0,68.32,2.0,68.75,2.0
2021-10-01 09:35:13.996210-04:00,34.5,82.0,34.57,72.0,18.14,489.0,18.15,63.0,16.58,803.0,16.59,1243.0,52.5,72.0,52.56,104.0,16.19,58.0,16.2,186.0,24.39,54.0,24.4,17.0,68.32,2.0,68.75,2.0
2021-10-01 09:35:13.996210-04:00,34.5,82.0,34.57,72.0,18.14,489.0,18.15,63.0,16.58,803.0,16.59,1243.0,52.5,72.0,52.56,104.0,16.19,58.0,16.2,186.0,24.39,57.0,24.4,17.0,68.32,2.0,68.75,2.0
2021-10-01 09:35:13.996210-04:00,34.5,82.0,34.57,72.0,18.14,489.0,18.15,63.0,16.58,803.0,16.59,1243.0,52.5,72.0,52.56,104.0,16.19,50.0,16.2,185.0,24.39,57.0,24.4,17.0,68.32,2.0,68.75,2.0
2021-10-01 09:35:13.996210-04:00,34.5,82.0,34.57,72.0,18.14,489.0,18.15,63.0,16.58,798.0,16.59,1201.0,52.5,72.0,52.56,104.0,16.19,50.0,16.2,185.0,24.39,57.0,24.4,17.0,68.32,2.0,68.75,2.0
2021-10-01 09:35:13.996210-04:00,34.5,82.0,34.57,72.0,18.14,498.0,18.16,1175.0,16.58,798.0,16.59,1201.0,52.5,72.0,52.56,104.0,16.19,50.0,16.2,185.0,24.39,57.0,24.4,17.0,68.32,2.0,68.75,2.0
2021-10-01 09:35:13.996210-04:00,34.5,82.0,34.57,72.0,18.14,498.0,18.16,1175.0,16.58,798.0,16.59,1201.0,52.5,18.0,52.55,14.0,16.19,50.0,16.2,185.0,24.39,57.0,24.4,17.0,68.32,2.0,68.75,2.0
2021-10-01 09:35:13.996210-04:00,34.5,82.0,34.57,72.0,18.14,498.0,18.16,1175.0,16.58,1377.0,16.59,1402.0,52.5,18.0,52.55,14.0,16.19,50.0,16.2,185.0,24.39,57.0,24.4,17.0,68.32,2.0,68.75,2.0
2021-10-01 09:35:13.996210-04:00,34.5,82.0,34.57,72.0,18.14,498.0,18.16,1175.0,16.58,1377.0,16.59,1402.0,52.5,18.0,52.55,14.0,16.19,65.0,16.2,149.0,24.39,56.0,24.4,17.0,68.32,2.0,68.75,2.0
2021-10-01 09:35:13.996210-04:00,34.5,82.0,34.57,72.0,18.15,430.0,18.16,391.0,16.58,1377.0,16.59,1402.0,52.5,18.0,52.55,14.0,16.19,65.0,16.2,149.0,24.39,56.0,24.4,17.0,68.32,2.0,68.75,2.0
2021-10-01 09:35:13.996210-04:00,34.5,82.0,34.57,72.0,18.15,430.0,18.16,391.0,16.58,1377.0,16.59,1402.0,52.43,16.0,52.54,100.0,16.19,65.0,16.2,149.0,24.39,56.0,24.4,17.0,68.32,2.0,68.75,2.0
2021-10-01 09:35:26.803137-04:00,34.52,82.0,34.65,72.0,18.15,430.0,18.16,391.0,16.58,1377.0,16.59,1402.0,52.43,16.0,52.54,100.0,16.19,65.0,16.2,149.0,24.39,56.0,24.4,17.0,68.32,2.0,68.75,2.0
2021-10-01 09:35:30.809532-04:00,34.53,14.0,34.59,72.0,18.15,430.0,18.16,391.0,16.58,1377.0,16.59,1402.0,52.43,16.0,52.54,100.0,16.19,65.0,16.2,149.0,24.39,56.0,24.4,17.0,68.32,2.0,68.75,2.0
2021-10-01 09:35:30.809532-04:00,34.53,14.0,34.59,72.0,18.15,430.0,18.16,391.0,16.58,1377.0,16.59,1250.0,52.43,16.0,52.54,100.0,16.19,65.0,16.2,149.0,24.39,56.0,24.4,17.0,68.32,2.0,68.75,2.0
2021-10-01 09:35:30.809532-04:00,34.53,14.0,34.59,72.0,18.15,430.0,18.16,391.0,16.58,1377.0,16.59,1250.0,52.47,90.0,52.53,14.0,16.19,65.0,16.2,149.0,24.39,56.0,24.4,17.0,68.32,2.0,68.75,2.0
2021-10-01 09:35:30.809532-04:00,34.53,14.0,34.59,72.0,18.15,554.0,18.16,378.0,16.58,1377.0,16.59,1250.0,52.47,90.0,52.53,14.0,16.19,65.0,16.2,149.0,24.39,56.0,24.4,17.0,68.32,2.0,68.75,2.0
2021-10-01 09:35:30.809532-04:00,34.53,14.0,34.59,72.0,18.15,554.0,18.16,378.0,16.58,1377.0,16.59,1250.0,52.47,90.0,52.53,14.0,16.19,57.0,16.2,174.0,24.39,54.0,24.4,17.0,68.32,2.0,68.75,2.0
2021-10-01 09:35:46.010639-04:00,34.53,28.0,34.59,72.0,18.15,554.0,18.16,378.0,16.58,1377.0,16.59,1250.0,52.47,90.0,52.53,14.0,16.19,57.0,16.2,174.0,24.39,54.0,24.4,17.0,68.32,2.0,68.75,2.0
2021-10-01 09:35:46.010639-04:00,34.53,28.0,34.59,72.0,18.15,554.0,18.16,378.0,16.58,1377.0,16.59,1347.0,52.47,90.0,52.53,14.0,16.19,57.0,16.2,174.0,24.39,54.0,24.4,17.0,68.32,2.0,68.75,2.0
2021-10-01 09:35:46.010639-04:00,34.53,28.0,34.59,72.0,18.15,554.0,18.16,378.0,16.58,1377.0,16.59,1347.0,52.47,90.0,52.53,32.0,16.19,57.0,16.2,174.0,24.39,54.0,24.4,17.0,68.32,2.0,68.75,2.0
2021-10-01 09:35:46.010639-04:00,34.53,28.0,34.59,72.0,18.15,496.0,18.16,414.0,16.58,1377.0,16.59,1347.0,52.47,90.0,52.53,32.0,16.19,57.0,16.2,174.0,24.39,54.0,24.4,17.0,68.32,2.0,68.75,2.0
2021-10-01 09:35:52.140709-04:00,34.53,55.0,34.59,72.0,18.15,496.0,18.16,414.0,16.58,1377.0,16.59,1347.0,52.47,90.0,52.53,32.0,16.19,57.0,16.2,174.0,24.39,54.0,24.4,17.0,68.32,2.0,68.75,2.0
2021-10-01 09:35:52.140709-04:00,34.53,55.0,34.59,72.0,18.15,496.0,18.16,414.0,16.58,1691.0,16.59,1375.0,52.47,90.0,52.53,32.0,16.19,57.0,16.2,174.0,24.39,57.0,24.4,17.0,68.32,2.0,68.75,2.0
2021-10-01 09:35:52.140709-04:00,34.53,55.0,34.59,72.0,18.15,496.0,18.16,414.0,16.58,1691.0,16.59,1375.0,52.47,90.0,52.53,32.0,16.19,64.0,16.2,20.0,24.39,57.0,24.4,17.0,68.32,2.0,68.75,2.0
2021-10-01 09:35:52.140709-04:00,34.53,55.0,34.59,72.0,18.15,649.0,18.16,317.0,16.58,1691.0,16.59,1375.0,52.47,90.0,52.53,32.0,16.19,64.0,16.2,20.0,24.39,57.0,24.4,17.0,68.32,2.0,68.75,2.0
2021-10-01 09:35:52.140709-04:00,34.53,55.0,34.59,72.0,18.15,649.0,18.16,317.0,16.58,1691.0,16.59,1375.0,52.47,90.0,52.53,41.0,16.19,64.0,16.2,20.0,24.39,57.0,24.4,17.0,68.32,2.0,68.75,2.0
2021-10-01 09:35:52.140709-04:00,34.53,55.0,34.59,72.0,18.15,649.0,18.16,317.0,16.58,1691.0,16.59,1375.0,52.47,90.0,52.53,41.0,16.19,64.0,16.21,172.0,24.39,57.0,24.4,17.0,68.32,2.0,68.75,2.0
2021-10-01 09:36:05.513089-04:00,34.51,116.0,34.58,54.0,18.15,649.0,18.16,317.0,16.58,1487.0,16.59,1375.0,52.47,90.0,52.53,41.0,16.19,64.0,16.21,172.0,24.39,57.0,24.4,17.0,68.32,2.0,68.75,2.0
2021-10-01 09:36:05.513089-04:00,34.51,116.0,34.58,54.0,18.15,649.0,18.16,317.0,16.58,1487.0,16.59,1375.0,52.48,90.0,52.54,26.0,16.19,64.0,16.21,172.0,24.39,57.0,24.4,17.0,68.32,2.0,68.75,2.0
2021-10-01 09:36:05.513089-04:00,34.51,116.0,34.58,54.0,18.15,125.0,18.16,515.0,16.58,1487.0,16.59,1375.0,52.48,90.0,52.54,26.0,16.19,64.0,16.21,172.0,24.39,57.0,24.4,17.0,68.32,2.0,68.75,2.0
2021-10-01 09:36:19.060962-04:00,34.52,103.0,34.58,54.0,18.15,125.0,18.16,515.0,16.58,1487.0,16.59,1375.0,52.48,90.0,52.54,26.0,16.19,64.0,16.21,172.0,24.39,57.0,24.4,17.0,68.32,2.0,68.75,2.0
2021-10-01 09:36:19.060962-04:00,34.52,103.0,34.58,54.0,18.15,125.0,18.16,515.0,16.58,1627.0,16.59,1375.0,52.48,90.0,52.54,26.0,16.19,64.0,16.21,172.0,24.39,57.0,24.4,17.0,68.32,2.0,68.75,2.0
2021-10-01 09:36:19.060962-04:00,34.52,103.0,34.58,54.0,18.15,459.0,18.16,485.0,16.58,1627.0,16.59,1375.0,52.48,90.0,52.53,13.0,16.19,64.0,16.21,172.0,24.39,57.0,24.4,17.0,68.32,2.0,68.75,2.0
2021-10-01 09:36:19.060962-04:00,34.52,103.0,34.58,54.0,18.15,459.0,18.16,485.0,16.58,1627.0,16.59,1375.0,52.48,90.0,52.54,67.0,16.19,64.0,16.21,172.0,24.39,57.0,24.4,17.0,68.32,2.0,68.75,2.0
2021-10-01 09:36:22.662333-04:00,34.52,49.0,34.58,54.0,18.15,459.0,18.16,485.0,16.58,1627.0,16.59,1375.0,52.48,90.0,52.54,67.0,16.19,64.0,16.21,172.0,24.39,57.0,24.4,17.0,68.32,2.0,68.75,2.0
2021-10-01 09:36:22.662333-04:00,34.52,49.0,34.58,54.0,18.15,314.0,18.16,951.0,16.58,1627.0,16.59,1375.0,52.48,90.0,52.54,67.0,16.19,64.0,16.21,172.0,24.39,57.0,24.4,17.0,68.32,2.0,68.75,2.0
2021-10-01 09:36:22.662333-04:00,34.52,49.0,34.58,54.0,18.15,314.0,18.16,951.0,16.58,1909.0,16.59,1375.0,52.48,90.0,52.54,67.0,16.19,64.0,16.21,172.0,24.39,57.0,24.4,17.0,68.32,2.0,68.75,2.0
2021-10-01 09:36:32.601328-04:00,34.52,109.0,34.59,72.0,18.15,314.0,18.16,951.0,16.58,1909.0,16.59,1375.0,52.48,90.0,52.54,67.0,16.19,64.0,16.21,172.0,24.39,57.0,24.4,17.0,68.32,2.0,68.75,2.0
2021-10-01 09:36:32.601328-04:00,34.52,109.0,34.59,72.0,18.15,314.0,18.16,951.0,16.58,1909.0,16.59,1375.0,52.47,90.0,52.53,128.0,16.19,64.0,16.21,172.0,24.39,57.0,24.4,17.0,68.32,2.0,68.75,2.0
2021-10-01 09:36:32.601328-04:00,34.52,109.0,34.59,72.0,18.15,707.0,18.16,121.0,16.58,1909.0,16.59,1375.0,52.47,90.0,52.53,128.0,16.19,64.0,16.21,172.0,24.39,57.0,24.4,17.0,68.32,2.0,68.75,2.0
2021-10-01 09:36:32.601328-04:00,34.52,109.0,34.59,72.0,18.15,707.0,18.16,121.0,16.58,1909.0,16.59,1375.0,52.46,72.0,52.53,110.0,16.19,64.0,16.21,172.0,24.39,57.0,24.4,17.0,68.32,2.0,68.75,2.0
2021-10-01 09:36:46.845247-04:00,34.52,164.0,34.6,54.0,18.15,707.0,18.16,121.0,16.58,1909.0,16.59,1375.0,52.46,72.0,52.53,110.0,16.19,64.0,16.21,172.0,24.39,57.0,24.4,17.0,68.32,2.0,68.75,2.0
2021-10-01 09:36:46.845247-04:00,34.52,164.0,34.6,54.0,18.15,707.0,18.16,121.0,16.58,1777.0,16.59,611.0,52.46,72.0,52.53,110.0,16.19,64.0,16.21,172.0,24.39,57.0,24.4,17.0,68.32,2.0,68.75,2.0
2021-10-01 09:36:46.845247-04:00,34.52,164.0,34.6,54.0,18.15,529.0,18.17,339.0,16.58,1777.0,16.59,611.0,52.46,72.0,52.53,110.0,16.19,64.0,16.21,172.0,24.39,57.0,24.4,17.0,68.32,2.0,68.75,2.0
2021-10-01 09:36:46.845247-04:00,34.52,164.0,34.6,54.0,18.15,499.0,18.17,466.0,16.58,1777.0,16.59,611.0,52.46,72.0,52.53,55.0,16.19,64.0,16.21,172.0,24.39,57.0,24.4,17.0,68.32,2.0,68.75,2.0
2021-10-01 09:36:59.693166-04:00,34.52,109.0,34.6,54.0,18.15,499.0,18.17,466.0,16.58,1777.0,16.59,611.0,52.46,72.0,52.53,55.0,16.19,64.0,16.21,172.0,24.39,57.0,24.4,17.0,68.32,2.0,68.75,2.0
2021-10-01 09:36:59.693166-04:00,34.52,109.0,34.6,54.0,18.15,499.0,18.17,466.0,16.58,1777.0,16.59,611.0,52.46,72.0,52.53,55.0,16.19,64.0,16.21,172.0,24.39,57.0,24.4,17.0,68.32,1.0,68.75,2.0
2021-10-01 09:37:13.101047-04:00,34.52,109.0,34.6,54.0,18.16,381.0,18.17,30.0,16.58,1777.0,16.59,611.0,52.46,72.0,52.53,55.0,16.19,64.0,16.21,172.0,24.39,57.0,24.4,17.0,68.32,1.0,68.75,2.0
2021-10-01 09:37:13.101047-04:00,34.52,109.0,34.6,54.0,18.16,381.0,18.17,30.0,16.58,1777.0,16.59,611.0,52.44,95.0,52.51,90.0,16.19,64.0,16.21,172.0,24.39,57.0,24.4,17.0,68.32,1.0,68.75,2.0
2021-10-01 09:37:13.101047-04:00,34.52,109.0,34.6,54.0,18.16,381.0,18.17,30.0,16.58,1777.0,16.59,611.0,52.44,95.0,52.51,90.0,16.19,64.0,16.21,172.0,24.4,56.0,24.42,599.0,68.32,1.0,68.75,2.0
2021-10-01 09:37:13.101047-04:00,34.52,109.0,34.6,54.0,18.16,381.0,18.17,30.0,16.59,864.0,16.6,1447.0,52.44,95.0,52.51,90.0,16.19,64.0,16.21,172.0,24.4,56.0,24.42,599.0,68.32,1.0,68.75,2.0
2021-10-01 09:37:18.052810-04:00,34.55,54.0,34.61,5.0,18.16,381.0,18.17,30.0,16.59,864.0,16.6,1447.0,52.44,95.0,52.51,90.0,16.19,64.0,16.21,172.0,24.4,56.0,24.42,599.0,68.32,1.0,68.75,2.0
2021-10-01 09:37:18.052810-04:00,34.55,54.0,34.61,5.0,18.16,381.0,18.17,30.0,16.59,864.0,16.6,1447.0,52.44,95.0,52.51,90.0,16.2,57.0,16.21,38.0,24.4,56.0,24.42,599.0,68.32,1.0,68.75,2.0
2021-10-01 09:37:18.052810-04:00,34.55,54.0,34.61,5.0,18.16,381.0,18.17,30.0,16.59,864.0,16.6,1447.0,52.44,95.0,52.51,90.0,16.2,57.0,16.22,180.0,24.4,56.0,24.42,599.0,68.32,1.0,68.75,2.0
2021-10-01 09:37:18.052810-04:00,34.55,54.0,34.61,5.0,18.16,381.0,18.17,30.0,16.59,864.0,16.6,1447.0,52.42,100.0,52.49,90.0,16.2,57.0,16.22,180.0,24.4,56.0,24.42,599.0,68.32,1.0,68.75,2.0
2021-10-01 09:37:18.052810-04:00,34.55,54.0,34.61,5.0,18.16,381.0,18.17,30.0,16.59,1046.0,16.6,993.0,52.42,100.0,52.49,90.0,16.2,57.0,16.22,180.0,24.4,56.0,24.42,599.0,68.32,1.0,68.75,2.0
2021-10-01 09:37:26.812391-04:00,34.57,90.0,34.64,100.0,18.16,381.0,18.17,30.0,16.59,1046.0,16.6,993.0,52.42,100.0,52.49,90.0,16.2,57.0,16.22,180.0,24.4,56.0,24.42,599.0,68.32,1.0,68.75,2.0
2021-10-01 09:37:26.812391-04:00,34.57,90.0,34.64,100.0,18.16,381.0,18.17,30.0,16.59,1046.0,16.6,993.0,52.42,100.0,52.49,90.0,16.2,57.0,16.22,180.0,24.4,66.0,24.42,248.0,68.32,1.0,68.75,2.0
2021-10-01 09:37:26.812391-04:00,34.57,90.0,34.64,100.0,18.17,315.0,18.18,686.0,16.59,1046.0,16.6,993.0,52.42,100.0,52.49,90.0,16.2,57.0,16.22,180.0,24.4,66.0,24.42,248.0,68.32,1.0,68.75,2.0
2021-10-01 09:37:26.812391-04:00,34.57,90.0,34.64,100.0,18.17,315.0,18.18,686.0,16.59,1046.0,16.6,993.0,52.42,100.0,52.49,90.0,16.2,57.0,16.22,180.0,24.4,66.0,24.42,221.0,68.32,1.0,68.75,2.0
2021-10-01 09:37:26.812391-04:00,34.57,90.0,34.64,100.0,18.17,315.0,18.18,686.0,16.59,1046.0,16.6,993.0,52.44,100.0,52.5,108.0,16.2,57.0,16.22,180.0,24.4,66.0,24.42,221.0,68.32,1.0,68.75,2.0
2021-10-01 09:37:26.812391-04:00,34.57,90.0,34.64,100.0,18.16,467.0,18.18,1185.0,16.59,1046.0,16.6,993.0,52.44,100.0,52.5,108.0,16.2,57.0,16.22,180.0,24.4,66.0,24.42,221.0,68.32,1.0,68.75,2.0
2021-10-01 09:37:26.812391-04:00,34.57,90.0,34.64,100.0,18.16,467.0,18.18,1185.0,16.59,910.0,16.6,1553.0,52.44,100.0,52.5,108.0,16.2,57.0,16.22,180.0,24.4,66.0,24.42,221.0,68.32,1.0,68.75,2.0
2021-10-01 09:37:39.996143-04:00,34.56,72.0,34.62,100.0,18.16,467.0,18.18,1185.0,16.59,910.0,16.6,1553.0,52.44,100.0,52.5,108.0,16.2,57.0,16.22,180.0,24.4,66.0,24.42,221.0,68.32,1.0,68.75,2.0
2021-10-01 09:37:39.996143-04:00,34.56,72.0,34.62,100.0,18.16,467.0,18.18,1185.0,16.59,910.0,16.6,1553.0,52.43,36.0,52.48,18.0,16.2,57.0,16.22,180.0,24.4,66.0,24.42,221.0,68.32,1.0,68.75,2.0
2021-10-01 09:37:39.996143-04:00,34.56,72.0,34.62,100.0,18.17,390.0,18.18,325.0,16.59,910.0,16.6,1553.0,52.43,36.0,52.48,18.0,16.2,57.0,16.22,180.0,24.4,66.0,24.42,221.0,68.32,1.0,68.75,2.0
2021-10-01 09:37:39.996143-04:00,34.56,72.0,34.62,100.0,18.17,390.0,18.18,325.0,16.59,1469.0,16.6,1413.0,52.43,36.0,52.48,18.0,16.2,57.0,16.22,180.0,24.4,66.0,24.42,221.0,68.32,1.0,68.75,2.0
2021-10-01 09:37:47.842165-04:00,34.57,90.0,34.63,18.0,18.17,390.0,18.18,325.0,16.59,1469.0,16.6,1413.0,52.43,36.0,52.48,18.0,16.2,57.0,16.22,180.0,24.4,66.0,24.42,221.0,68.32,1.0,68.75,2.0
2021-10-01 09:37:53.564864-04:00,34.57,90.0,34.64,90.0,18.17,390.0,18.18,325.0,16.59,1469.0,16.6,1413.0,52.42,90.0,52.49,108.0,16.2,57.0,16.22,180.0,24.4,66.0,24.42,221.0,68.32,1.0,68.75,2.0
2021-10-01 09:37:53.564864-04:00,34.57,90.0,34.64,90.0,18.17,85.0,18.18,325.0,16.59,1469.0,16.6,1413.0,52.42,90.0,52.49,108.0,16.2,57.0,16.22,180.0,24.4,66.0,24.42,221.0,68.32,1.0,68.75,2.0
2021-10-01 09:38:08.034186-04:00,34.59,36.0,34.68,18.0,18.17,85.0,18.18,325.0,16.59,1469.0,16.6,1413.0,52.42,90.0,52.49,108.0,16.2,57.0,16.22,180.0,24.4,66.0,24.42,221.0,68.32,1.0,68.75,2.0
2021-10-01 09:38:08.034186-04:00,34.59,36.0,34.68,18.0,18.17,85.0,18.18,325.0,16.59,1469.0,16.6,1413.0,52.4,18.0,52.47,90.0,16.2,57.0,16.22,180.0,24.4,66.0,24.42,221.0,68.32,1.0,68.75,2.0
2021-10-01 09:38:08.034186-04:00,34.59,36.0,34.68,18.0,18.17,85.0,18.18,325.0,16.59,1469.0,16.6,1413.0,52.4,18.0,52.47,90.0,16.2,57.0,16.22,180.0,24.4,71.0,24.42,221.0,68.32,1.0,68.75,2.0
2021-10-01 09:38:08.034186-04:00,34.59,36.0,34.68,18.0,18.17,85.0,18.18,325.0,16.59,1590.0,16.6,836.0,52.4,18.0,52.47,90.0,16.2,57.0,16.22,180.0,24.4,71.0,24.42,221.0,68.32,1.0,68.75,2.0
2021-10-01 09:38:08.034186-04:00,34.59,36.0,34.68,18.0,18.17,514.0,18.19,774.0,16.59,1590.0,16.6,836.0,52.4,18.0,52.47,90.0,16.2,57.0,16.22,180.0,24.4,71.0,24.42,221.0,68.32,1.0,68.75,2.0
2021-10-01 09:38:08.034186-04:00,34.59,36.0,34.68,18.0,18.17,514.0,18.19,774.0,16.59,1590.0,16.6,836.0,52.4,18.0,52.47,90.0,16.2,57.0,16.22,180.0,24.4,69.0,24.42,221.0,68.32,1.0,68.75,2.0
2021-10-01 09:38:14.943707-04:00,34.58,90.0,34.65,10.0,18.17,514.0,18.19,774.0,16.59,1590.0,16.6,836.0,52.4,18.0,52.47,90.0,16.2,57.0,16.22,180.0,24.4,69.0,24.42,221.0,68.32,1.0,68.75,2.0
2021-10-01 09:38:14.943707-04:00,34.58,90.0,34.65,10.0,18.17,514.0,18.19,774.0,16.59,1590.0,16.6,836.0,52.41,10.0,52.48,108.0,16.2,57.0,16.22,180.0,24.4,69.0,24.42,221.0,68.32,1.0,68.75,2.0
2021-10-01 09:38:14.943707-04:00,34.58,90.0,34.65,10.0,18.17,536.0,18.18,15.0,16.59,1590.0,16.6,836.0,52.41,10.0,52.48,108.0,16.2,57.0,16.22,180.0,24.4,69.0,24.42,221.0,68.32,1.0,68.75,2.0
2021-10-01 09:38:14.943707-04:00,34.58,90.0,34.65,10.0,18.17,536.0,18.18,15.0,16.59,1631.0,16.6,679.0,52.41,10.0,52.48,108.0,16.2,57.0,16.22,180.0,24.4,69.0,24.42,221.0,68.32,1.0,68.75,2.0
2021-10-01 09:38:20.652442-04:00,34.59,90.0,34.65,5.0,18.17,536.0,18.18,15.0,16.59,1631.0,16.6,679.0,52.41,10.0,52.48,108.0,16.2,57.0,16.22,180.0,24.4,69.0,24.42,221.0,68.32,1.0,68.75,2.0
2021-10-01 09:38:20.652442-04:00,34.59,90.0,34.65,5.0,18.17,536.0,18.19,1060.0,16.59,1631.0,16.6,679.0,52.41,10.0,52.48,108.0,16.2,57.0,16.22,180.0,24.4,69.0,24.42,221.0,68.32,1.0,68.75,2.0
2021-10-01 09:38:20.652442-04:00,34.59,90.0,34.65,5.0,18.17,536.0,18.19,1060.0,16.59,1631.0,16.6,679.0,52.41,28.0,52.47,90.0,16.2,57.0,16.22,180.0,24.4,69.0,24.42,221.0,68.32,1.0,68.75,2.0
2021-10-01 09:38:20.652442-04:00,34.59,90.0,34.65,5.0,18.17,536.0,18.19,1060.0,16.59,1631.0,16.6,894.0,52.41,28.0,52.47,90.0,16.2,57.0,16.22,180.0,24.4,69.0,24.42,221.0,68.32,1.0,68.75,2.0
2021-10-01 09:38:20.652442-04:00,34.59,90.0,34.65,5.0,18.17,536.0,18.19,1060.0,16.59,1631.0,16.6,894.0,52.41,28.0,52.47,90.0,16.2,57.0,16.22,180.0,24.4,59.0,24.42,869.0,68.32,1.0,68.75,2.0
2021-10-01 09:38:37.772975-04:00,34.58,31.0,34.64,72.0,18.17,536.0,18.19,1060.0,16.59,1631.0,16.6,894.0,52.41,28.0,52.47,90.0,16.2,57.0,16.22,180.0,24.4,59.0,24.42,869.0,68.32,1.0,68.75,2.0
2021-10-01 09:38:37.772975-04:00,34.58,31.0,34.64,72.0,18.17,536.0,18.19,1060.0,16.59,1631.0,16.6,894.0,52.42,90.0,52.48,49.0,16.2,57.0,16.22,180.0,24.4,59.0,24.42,869.0,68.32,1.0,68.75,2.0
2021-10-01 09:38:37.772975-04:00,34.58,31.0,34.64,72.0,18.17,405.0,18.18,308.0,16.59,1631.0,16.6,894.0,52.42,90.0,52.48,49.0,16.2,57.0,16.22,180.0,24.4,59.0,24.42,869.0,68.32,1.0,68.75,2.0
2021-10-01 09:38:37.772975-04:00,34.58,31.0,34.64,72.0,18.17,405.0,18.18,308.0,16.59,1760.0,16.6,1533.0,52.42,90.0,52.48,49.0,16.2,57.0,16.22,180.0,24.4,59.0,24.42,869.0,68.32,1.0,68.75,2.0
2021-10-01 09:38:37.772975-04:00,34.58,31.0,34.64,72.0,18.17,405.0,18.18,308.0,16.59,1591.0,16.6,1537.0,52.42,90.0,52.48,49.0,16.2,57.0,16.22,180.0,24.4,59.0,24.42,869.0,68.32,1.0,68.75,2.0
2021-10-01 09:38:47.867680-04:00,34.58,13.0,34.64,90.0,18.17,405.0,18.18,308.0,16.59,1591.0,16.6,1537.0,52.42,90.0,52.48,49.0,16.2,57.0,16.22,180.0,24.4,59.0,24.42,869.0,68.32,1.0,68.75,2.0
2021-10-01 09:38:47.867680-04:00,34.58,13.0,34.64,90.0,18.17,405.0,18.18,308.0,16.59,1591.0,16.6,1537.0,52.42,90.0,52.49,112.0,16.2,57.0,16.22,180.0,24.4,59.0,24.42,869.0,68.32,1.0,68.75,2.0
2021-10-01 09:38:47.867680-04:00,34.58,13.0,34.64,90.0,18.17,79.0,18.18,385.0,16.59,1591.0,16.6,1537.0,52.42,90.0,52.49,112.0,16.2,57.0,16.22,180.0,24.4,59.0,24.42,869.0,68.32,1.0,68.75,2.0
2021-10-01 09:38:47.867680-04:00,34.58,13.0,34.64,90.0,18.17,383.0,18.18,464.0,16.59,1591.0,16.6,1537.0,52.42,90.0,52.49,112.0,16.2,57.0,16.22,180.0,24.4,59.0,24.42,869.0,68.32,1.0,68.75,2.0
2021-10-01 09:38:47.867680-04:00,34.58,13.0,34.64,90.0,18.17,383.0,18.18,464.0,16.59,1422.0,16.6,1537.0,52.42,90.0,52.49,112.0,16.2,57.0,16.22,180.0,24.4,59.0,24.42,869.0,68.32,1.0,68.75,2.0
2021-10-01 09:38:47.867680-04:00,34.58,13.0,34.64,90.0,18.17,383.0,18.18,464.0,16.59,1422.0,16.6,1537.0,52.43,90.0,52.49,13.0,16.2,57.0,16.22,180.0,24.4,59.0,24.42,869.0,68.32,1.0,68.75,2.0
2021-10-01 09:39:03.949682-04:00,34.53,49.0,34.63,90.0,18.17,383.0,18.18,464.0,16.59,1422.0,16.6,1537.0,52.43,90.0,52.49,13.0,16.2,57.0,16.22,180.0,24.4,59.0,24.42,869.0,68.32,1.0,68.75,2.0
2021-10-01 09:39:03.949682-04:00,34.53,49.0,34.63,90.0,18.17,10.0,18.18,1051.0,16.59,1422.0,16.6,1537.0,52.43,90.0,52.49,13.0,16.2,57.0,16.22,180.0,24.4,59.0,24.42,869.0,68.32,1.0,68.75,2.0
2021-10-01 09:39:03.949682-04:00,34.53,49.0,34.63,90.0,18.17,10.0,18.18,1051.0,16.59,1422.0,16.6,1537.0,52.43,90.0,52.49,13.0,16.2,57.0,16.22,180.0,24.4,43.0,24.42,761.0,68.32,1.0,68.75,2.0
2021-10-01 09:39:03.949682-04:00,34.53,49.0,34.63,90.0,18.17,10.0,18.18,1051.0,16.59,1422.0,16.6,1537.0,52.43,90.0,52.49,13.0,16.2,57.0,16.21,180.0,24.4,43.0,24.42,761.0,68.32,1.0,68.75,2.0
2021-10-01 09:39:03.949682-04:00,34.53,49.0,34.63,90.0,18.17,10.0,18.18,1051.0,16.59,1422.0,16.6,1537.0,52.43,90.0,52.49,13.0,16.2,57.0,16.21,180.0,24.4,36.0,24.42,761.0,68.32,1.0,68.75,2.0
2021-10-01 09:39:03.949682-04:00,34.53,49.0,34.63,90.0,18.17,10.0,18.18,1051.0,16.59,1422.0,16.6,1537.0,52.43,90.0,52.49,13.0,16.2,51.0,16.21,160.0,24.4,36.0,24.42,761.0,68.32,1.0,68.75,2.0
2021-10-01 09:39:03.949682-04:00,34.53,49.0,34.63,90.0,18.17,10.0,18.18,1051.0,16.59,1101.0,16.6,1814.0,52.43,90.0,52.49,13.0,16.2,51.0,16.21,160.0,24.4,36.0,24.42,761.0,68.32,1.0,68.75,2.0
2021-10-01 09:39:15.828924-04:00,34.57,103.0,34.64,90.0,18.17,10.0,18.18,1051.0,16.59,1101.0,16.6,1814.0,52.43,90.0,52.49,13.0,16.2,51.0,16.21,160.0,24.4,36.0,24.42,761.0,68.32,1.0,68.75,2.0
2021-10-01 09:39:15.828924-04:00,34.57,103.0,34.64,90.0,18.17,10.0,18.18,1051.0,16.59,1101.0,16.6,1814.0,52.42,90.0,52.49,67.0,16.2,51.0,16.21,160.0,24.4,36.0,24.42,761.0,68.32,1.0,68.75,2.0
2021-10-01 09:39:15.828924-04:00,34.57,103.0,34.64,90.0,18.17,174.0,18.18,455.0,16.59,1101.0,16.6,1814.0,52.42,90.0,52.49,67.0,16.2,51.0,16.21,160.0,24.4,36.0,24.42,761.0,68.32,1.0,68.75,2.0
2021-10-01 09:39:15.828924-04:00,34.57,103.0,34.64,90.0,18.17,174.0,18.18,455.0,16.59,839.0,16.6,1950.0,52.42,90.0,52.49,67.0,16.2,51.0,16.21,160.0,24.4,36.0,24.42,761.0,68.32,1.0,68.75,2.0
2021-10-01 09:39:15.828924-04:00,34.57,103.0,34.64,90.0,18.16,252.0,18.17,856.0,16.59,839.0,16.6,1950.0,52.42,90.0,52.49,67.0,16.2,51.0,16.21,160.0,24.4,36.0,24.42,761.0,68.32,1.0,68.75,2.0
2021-10-01 09:39:15.828924-04:00,34.57,103.0,34.64,90.0,18.16,252.0,18.17,856.0,16.59,839.0,16.6,1950.0,52.45,58.0,52.51,18.0,16.2,51.0,16.21,160.0,24.4,36.0,24.42,761.0,68.32,1.0,68.75,2.0
2021-10-01 09:39:15.828924-04:00,34.57,103.0,34.64,90.0,18.16,252.0,18.17,856.0,16.59,839.0,16.6,1950.0,52.45,58.0,52.51,18.0,16.2,48.0,16.21,182.0,24.4,36.0,24.42,761.0,68.32,1.0,68.75,2.0
2021-10-01 09:39:15.828924-04:00,34.57,103.0,34.64,90.0,18.16,252.0,18.17,856.0,16.59,839.0,16.6,1950.0,52.45,58.0,52.51,18.0,16.2,48.0,16.21,182.0,24.39,69.0,24.41,27.0,68.32,1.0,68.75,2.0
2021-10-01 09:39:28.219021-04:00,34.54,72.0,34.61,92.0,18.16,252.0,18.17,856.0,16.59,839.0,16.6,1950.0,52.45,58.0,52.51,18.0,16.2,48.0,16.21,182.0,24.39,69.0,24.41,27.0,68.32,1.0,68.75,2.0
2021-10-01 09:39:28.219021-04:00,34.54,72.0,34.61,92.0,18.16,252.0,18.17,856.0,16.59,839.0,16.6,1950.0,52.45,58.0,52.51,18.0,16.2,48.0,16.21,182.0,24.4,36.0,24.42,238.0,68.32,1.0,68.75,2.0
2021-10-01 09:39:28.219021-04:00,34.54,72.0,34.61,92.0,18.16,252.0,18.17,856.0,16.59,839.0,16.6,1755.0,52.45,58.0,52.51,18.0,16.2,48.0,16.21,182.0,24.4,36.0,24.42,238.0,68.32,1.0,68.75,2.0
2021-10-01 09:39:37.847054-04:00,34.55,36.0,34.61,2.0,18.16,252.0,18.17,856.0,16.59,839.0,16.6,1755.0,52.45,58.0,52.51,18.0,16.2,48.0,16.21,182.0,24.4,36.0,24.42,238.0,68.32,1.0,68.75,2.0
2021-10-01 09:39:37.847054-04:00,34.55,36.0,34.61,2.0,18.16,252.0,18.17,856.0,16.59,839.0,16.6,1755.0,52.45,2.0,52.51,72.0,16.2,48.0,16.21,182.0,24.4,36.0,24.42,238.0,68.32,1.0,68.75,2.0
2021-10-01 09:39:37.847054-04:00,34.55,36.0,34.61,2.0,18.16,623.0,18.17,94.0,16.59,839.0,16.6,1755.0,52.45,2.0,52.51,72.0,16.2,48.0,16.21,182.0,24.4,36.0,24.42,238.0,68.32,1.0,68.75,2.0
2021-10-01 09:39:37.847054-04:00,34.55,36.0,34.61,2.0,18.16,623.0,18.17,94.0,16.59,839.0,16.6,1755.0,52.45,2.0,52.51,72.0,16.2,61.0,16.21,68.0,24.4,36.0,24.42,238.0,68.32,1.0,68.75,2.0
2021-10-01 09:39:37.847054-04:00,34.55,36.0,34.61,2.0,18.16,623.0,18.17,94.0,16.59,839.0,16.6,1755.0,52.45,2.0,52.51,72.0,16.2,61.0,16.21,68.0,24.4,52.0,24.42,238.0,68.32,1.0,68.75,2.0
2021-10-01 09:39:37.847054-04:00,34.55,36.0,34.61,2.0,18.16,623.0,18.17,94.0,16.59,839.0,16.6,1755.0,52.42,54.0,52.49,90.0,16.2,61.0,16.21,68.0,24.4,52.0,24.42,238.0,68.32,1.0,68.75,2.0
2021-10-01 09:39:37.847054-04:00,34.55,36.0,34.61,2.0,18.16,623.0,18.17,94.0,16.59,839.0,16.6,1755.0,52.42,54.0,52.49,90.0,16.2,54.0,16.22,169.0,24.4,52.0,24.42,238.0,68.32,1.0,68.75,2.0
2021-10-01 09:39:47.058995-04:00,34.57,90.0,34.64,54.0,18.16,623.0,18.17,94.0,16.59,839.0,16.6,1755.0,52.42,54.0,52.49,90.0,16.2,54.0,16.22,169.0,24.4,52.0,24.42,238.0,68.32,1.0,68.75,2.0
2021-10-01 09:39:47.058995-04:00,34.57,90.0,34.64,54.0,18.16,623.0,18.17,94.0,16.59,1642.0,16.6,1661.0,52.42,54.0,52.49,90.0,16.2,54.0,16.22,169.0,24.4,52.0,24.42,238.0,68.32,1.0,68.75,2.0
2021-10-01 09:39:47.058995-04:00,34.57,90.0,34.64,54.0,18.17,444.0,18.18,867.0,16.59,1642.0,16.6,1661.0,52.42,54.0,52.49,90.0,16.2,54.0,16.22,169.0,24.4,52.0,24.42,238.0,68.32,1.0,68.75,2.0
2021-10-01 09:39:47.058995-04:00,34.57,90.0,34.64,54.0,18.17,444.0,18.18,867.0,16.59,1642.0,16.6,1661.0,52.42,54.0,52.49,90.0,16.2,54.0,16.22,191.0,24.4,52.0,24.42,238.0,68.32,1.0,68.75,2.0
2021-10-01 09:39:47.058995-04:00,34.57,90.0,34.64,54.0,18.17,444.0,18.18,867.0,16.59,1642.0,16.6,1661.0,52.42,54.0,52.49,90.0,16.2,54.0,16.22,191.0,24.4,61.0,24.42,238.0,68.32,1.0,68.75,2.0
2021-10-01 09:39:47.058995-04:00,34.57,90.0,34.64,54.0,18.17,444.0,18.18,867.0,16.59,1874.0,16.6,1495.0,52.42,54.0,52.49,90.0,16.2,54.0,16.22,191.0,24.4,61.0,24.42,238.0,68.32,1.0,68.75,2.0
2021-10-01 09:39:58.117859-04:00,34.58,72.0,34.65,36.0,18.17,444.0,18.18,867.0,16.59,1874.0,16.6,1495.0,52.42,54.0,52.49,90.0,16.2,54.0,16.22,191.0,24.4,61.0,24.42,238.0,68.32,1.0,68.75,2.0
2021-10-01 09:39:58.117859-04:00,34.58,72.0,34.65,36.0,18.17,510.0,18.19,810.0,16.59,1874.0,16.6,1495.0,52.42,54.0,52.49,90.0,16.2,54.0,16.22,191.0,24.4,61.0,24.42,238.0,68.32,1.0,68.75,2.0
2021-10-01 09:39:58.117859-04:00,34.58,72.0,34.65,36.0,18.17,510.0,18.19,810.0,16.59,1874.0,16.6,1495.0,52.41,18.0,52.47,18.0,16.2,54.0,16.22,191.0,24.4,61.0,24.42,238.0,68.32,1.0,68.75,2.0
2021-10-01 09:39:58.117859-04:00,34.58,72.0,34.65,36.0,18.17,510.0,18.19,810.0,16.59,1874.0,16.6,1495.0,52.41,18.0,52.47,18.0,16.2,54.0,16.22,191.0,24.4,65.0,24.42,238.0,68.32,1.0,68.75,2.0
2021-10-01 09:39:58.117859-04:00,34.58,72.0,34.65,36.0,18.17,510.0,18.19,810.0,16.59,1057.0,16.6,1838.0,52.41,18.0,52.47,18.0,16.2,54.0,16.22,191.0,24.4,65.0,24.42,238.0,68.32,1.0,68.75,2.0
2021-10-01 09:40:04.848863-04:00,34.58,18.0,34.63,94.0,18.17,510.0,18.19,810.0,16.59,1057.0,16.6,1838.0,52.41,18.0,52.47,18.0,16.2,54.0,16.22,191.0,24.4,65.0,24.42,238.0,68.32,1.0,68.75,2.0
2021-10-01 09:40:04.848863-04:00,34.58,18.0,34.63,94.0,18.17,510.0,18.19,810.0,16.59,1057.0,16.6,1838.0,52.43,94.0,52.48,36.0,16.2,54.0,16.22,191.0,24.4,65.0,24.42,238.0,68.32,1.0,68.75,2.0
2021-10-01 09:40:04.848863-04:00,34.58,18.0,34.63,94.0,18.16,451.0,18.18,458.0,16.59,1057.0,16.6,1838.0,52.43,94.0,52.48,36.0,16.2,54.0,16.22,191.0,24.4,65.0,24.42,238.0,68.32,1.0,68.75,2.0
2021-10-01 09:40:04.848863-04:00,34.58,18.0,34.63,94.0,18.16,451.0,18.18,458.0,16.59,1057.0,16.6,2033.0,52.43,94.0,52.48,36.0,16.2,54.0,16.22,191.0,24.4,65.0,24.42,238.0,68.32,1.0,68.75,2.0
2021-10-01 09:40:04.848863-04:00,34.58,18.0,34.63,94.0,18.16,451.0,18.18,458.0,16.59,1057.0,16.6,2033.0,52.44,40.0,52.49,18.0,16.2,54.0,16.22,191.0,24.4,65.0,24.42,238.0,68.32,1.0,68.75,2.0
2021-10-01 09:40:04.848863-04:00,34.58,18.0,34.63,94.0,18.16,448.0,18.18,1274.0,16.59,1057.0,16.6,2033.0,52.44,40.0,52.49,18.0,16.2,54.0,16.22,191.0,24.4,65.0,24.42,238.0,68.32,1.0,68.75,2.0
2021-10-01 09:40:14.911957-04:00,34.57,54.0,34.62,74.0,18.16,448.0,18.18,1274.0,16.59,1057.0,16.6,2033.0,52.44,40.0,52.49,18.0,16.2,54.0,16.22,191.0,24.4,65.0,24.42,238.0,68.32,1.0,68.75,2.0
2021-10-01 09:40:14.911957-04:00,34.57,54.0,34.62,74.0,18.16,448.0,18.18,1274.0,16.59,1057.0,16.6,1838.0,52.44,40.0,52.49,18.0,16.2,54.0,16.22,191.0,24.4,65.0,24.42,238.0,68.32,1.0,68.75,2.0
2021-10-01 09:40:14.911957-04:00,34.57,54.0,34.62,74.0,18.16,448.0,18.18,1096.0,16.59,1057.0,16.6,1838.0,52.44,40.0,52.49,18.0,16.2,54.0,16.22,191.0,24.4,65.0,24.42,238.0,68.32,1.0,68.75,2.0
2021-10-01 09:40:28.017917-04:00,34.56,72.0,34.62,74.0,18.16,448.0,18.18,1096.0,16.59,1057.0,16.6,1838.0,52.44,40.0,52.49,18.0,16.2,54.0,16.22,191.0,24.4,65.0,24.42,238.0,68.32,1.0,68.75,2.0
2021-10-01 09:40:28.017917-04:00,34.56,72.0,34.62,74.0,18.16,448.0,18.18,1096.0,16.59,1057.0,16.6,1838.0,52.44,40.0,52.57,18.0,16.2,54.0,16.22,191.0,24.4,65.0,24.42,238.0,68.32,1.0,68.75,2.0
2021-10-01 09:40:28.017917-04:00,34.56,72.0,34.62,74.0,18.16,448.0,18.18,1096.0,16.59,1057.0,16.6,1838.0,52.44,40.0,52.57,18.0,16.2,54.0,16.22,191.0,24.4,69.0,24.42,886.0,68.32,1.0,68.75,2.0
2021-10-01 09:40:35.702374-04:00,34.56,72.0,34.61,56.0,18.16,448.0,18.18,1096.0,16.59,1057.0,16.6,1838.0,52.44,40.0,52.57,18.0,16.2,54.0,16.22,191.0,24.4,69.0,24.42,886.0,68.32,1.0,68.75,2.0
2021-10-01 09:40:35.702374-04:00,34.56,72.0,34.61,56.0,18.16,448.0,18.18,1096.0,16.59,1057.0,16.6,1838.0,52.44,40.0,52.57,18.0,16.2,58.0,16.21,146.0,24.4,69.0,24.42,886.0,68.32,1.0,68.75,2.0
2021-10-01 09:40:35.702374-04:00,34.56,72.0,34.61,56.0,18.16,448.0,18.18,1096.0,16.59,1057.0,16.6,1838.0,52.45,56.0,52.5,72.0,16.2,58.0,16.21,146.0,24.4,69.0,24.42,886.0,68.32,1.0,68.75,2.0
2021-10-01 09:40:35.702374-04:00,34.56,72.0,34.61,56.0,18.16,448.0,18.18,1096.0,16.59,839.0,16.6,1866.0,52.45,56.0,52.5,72.0,16.2,58.0,16.21,146.0,24.4,69.0,24.42,886.0,68.32,1.0,68.75,2.0
2021-10-01 09:40:35.702374-04:00,34.56,72.0,34.61,56.0,18.16,507.0,18.17,102.0,16.59,839.0,16.6,1866.0,52.45,56.0,52.5,72.0,16.2,58.0,16.21,146.0,24.4,69.0,24.42,886.0,68.32,1.0,68.75,2.0
2021-10-01 09:40:35.702374-04:00,34.56,72.0,34.61,56.0,18.16,507.0,18.17,102.0,16.59,839.0,16.6,1866.0,52.45,56.0,52.5,72.0,16.2,58.0,16.21,106.0,24.4,69.0,24.42,886.0,68.32,1.0,68.75,2.0
2021-10-01 09:40:35.702374-04:00,34.56,72.0,34.61,56.0,18.16,507.0,18.17,102.0,16.59,839.0,16.6,1866.0,52.45,56.0,52.5,72.0,16.2,58.0,16.21,106.0,24.4,66.0,24.42,886.0,68.32,1.0,68.75,2.0
2021-10-01 09:40:49.227214-04:00,34.56,72.0,34.6,20.0,18.16,507.0,18.17,102.0,16.59,839.0,16.6,1866.0,52.45,56.0,52.5,72.0,16.2,58.0,16.21,106.0,24.4,66.0,24.42,886.0,68.32,1.0,68.75,2.0
2021-10-01 09:40:49.227214-04:00,34.56,72.0,34.6,20.0,18.16,445.0,18.17,557.0,16.59,839.0,16.6,1866.0,52.46,38.0,52.5,72.0,16.2,58.0,16.21,106.0,24.4,66.0,24.42,886.0,68.32,1.0,68.75,2.0
2021-10-01 09:40:50.843890-04:00,34.56,18.0,34.6,20.0,18.16,445.0,18.17,557.0,16.59,839.0,16.6,1866.0,52.46,38.0,52.5,72.0,16.2,58.0,16.21,106.0,24.4,66.0,24.42,886.0,68.32,1.0,68.75,2.0
2021-10-01 09:40:50.843890-04:00,34.56,18.0,34.6,20.0,18.16,445.0,18.17,557.0,16.59,839.0,16.6,1866.0,52.46,38.0,52.5,72.0,16.2,58.0,16.21,102.0,24.4,66.0,24.42,886.0,68.32,1.0,68.75,2.0
2021-10-01 09:40:50.843890-04:00,34.56,18.0,34.6,20.0,18.16,445.0,18.17,557.0,16.59,839.0,16.6,1866.0,52.46,38.0,52.5,72.0,16.2,58.0,16.21,102.0,24.4,36.0,24.42,886.0,68.32,1.0,68.75,2.0
2021-10-01 09:40:50.843890-04:00,34.56,18.0,34.6,20.0,18.16,445.0,18.17,557.0,16.59,871.0,16.6,1866.0,52.46,38.0,52.5,72.0,16.2,58.0,16.21,102.0,24.4,36.0,24.42,886.0,68.32,1.0,68.75,2.0
2021-10-01 09:40:50.843890-04:00,34.56,18.0,34.6,20.0,18.16,445.0,18.17,557.0,16.59,871.0,16.6,1866.0,52.46,20.0,52.5,54.0,16.2,58.0,16.21,102.0,24.4,36.0,24.42,886.0,68.32,1.0,68.75,2.0
2021-10-01 09:40:50.843890-04:00,34.56,18.0,34.6,20.0,18.16,461.0,18.17,389.0,16.59,871.0,16.6,1866.0,52.46,20.0,52.5,54.0,16.2,58.0,16.21,102.0,24.4,36.0,24.42,886.0,68.32,1.0,68.75,2.0
2021-10-01 09:41:06.737397-04:00,34.56,72.0,34.61,74.0,18.16,461.0,18.17,389.0,16.59,871.0,16.6,1866.0,52.46,20.0,52.5,54.0,16.2,58.0,16.21,102.0,24.4,36.0,24.42,886.0,68.32,1.0,68.75,2.0
2021-10-01 09:41:06.737397-04:00,34.56,72.0,34.61,74.0,18.16,461.0,18.17,389.0,16.59,871.0,16.6,1866.0,52.46,20.0,52.5,54.0,16.2,59.0,16.21,158.0,24.4,36.0,24.42,886.0,68.32,1.0,68.75,2.0
2021-10-01 09:41:06.737397-04:00,34.56,72.0,34.61,74.0,18.16,461.0,18.17,389.0,16.59,871.0,16.6,1866.0,52.46,20.0,52.5,54.0,16.2,59.0,16.21,158.0,24.39,49.0,24.41,43.0,68.32,1.0,68.75,2.0
2021-10-01 09:41:06.737397-04:00,34.56,72.0,34.61,74.0,18.16,461.0,18.17,389.0,16.59,839.0,16.6,1866.0,52.46,20.0,52.5,54.0,16.2,59.0,16.21,158.0,24.39,49.0,24.41,43.0,68.32,1.0,68.75,2.0
2021-10-01 09:41:06.737397-04:00,34.56,72.0,34.61,74.0,18.16,461.0,18.17,389.0,16.59,839.0,16.6,1866.0,52.45,56.0,52.5,90.0,16.2,59.0,16.21,158.0,24.39,49.0,24.41,43.0,68.32,1.0,68.75,2.0
2021-10-01 09:41:06.737397-04:00,34.56,72.0,34.61,74.0,18.16,552.0,18.17,102.0,16.59,839.0,16.6,1866.0,52.45,56.0,52.5,90.0,16.2,59.0,16.21,158.0,24.39,49.0,24.41,43.0,68.32,1.0,68.75,2.0
2021-10-01 09:41:06.737397-04:00,34.56,72.0,34.61,74.0,18.16,552.0,18.17,102.0,16.59,839.0,16.6,1866.0,52.45,56.0,52.5,90.0,16.2,49.0,16.21,174.0,24.39,49.0,24.41,43.0,68.32,1.0,68.75,2.0
2021-10-01 09:41:06.737397-04:00,34.56,72.0,34.61,74.0,18.16,552.0,18.17,102.0,16.59,839.0,16.6,1866.0,52.45,56.0,52.5,90.0,16.2,49.0,16.21,174.0,24.39,49.0,24.41,42.0,68.32,1.0,68.75,2.0
2021-10-01 09:41:16.300829-04:00,34.57,90.0,34.63,18.0,18.16,552.0,18.17,102.0,16.59,839.0,16.6,1866.0,52.45,56.0,52.5,90.0,16.2,49.0,16.21,174.0,24.39,49.0,24.41,42.0,68.32,1.0,68.75,2.0
2021-10-01 09:41:16.300829-04:00,34.57,90.0,34.63,18.0,18.16,552.0,18.17,102.0,16.59,839.0,16.6,1866.0,52.44,18.0,52.49,90.0,16.2,49.0,16.21,174.0,24.39,49.0,24.41,42.0,68.32,1.0,68.75,2.0
2021-10-01 09:41:16.300829-04:00,34.57,90.0,34.63,18.0,18.16,552.0,18.17,102.0,16.59,1343.0,16.6,1589.0,52.44,18.0,52.49,90.0,16.2,49.0,16.21,174.0,24.39,49.0,24.41,42.0,68.32,1.0,68.75,2.0
2021-10-01 09:41:16.300829-04:00,34.57,90.0,34.63,18.0,18.17,19.0,18.18,746.0,16.59,1343.0,16.6,1589.0,52.44,18.0,52.49,90.0,16.2,49.0,16.21,174.0,24.39,49.0,24.41,42.0,68.32,1.0,68.75,2.0
2021-10-01 09:41:16.300829-04:00,34.57,90.0,34.63,18.0,18.17,19.0,18.18,746.0,16.59,1343.0,16.6,1589.0,52.44,18.0,52.49,90.0,16.19,53.0,16.21,196.0,24.39,49.0,24.41,42.0,68.32,1.0,68.75,2.0
2021-10-01 09:41:16.300829-04:00,34.57,90.0,34.63,18.0,18.17,19.0,18.18,746.0,16.59,1343.0,16.6,1589.0,52.48,90.0,52.56,18.0,16.19,53.0,16.21,196.0,24.39,49.0,24.41,42.0,68.32,1.0,68.75,2.0
2021-10-01 09:41:29.803729-04:00,34.53,2.0,34.58,90.0,18.17,19.0,18.18,746.0,16.59,1343.0,16.6,1589.0,52.48,90.0,52.56,18.0,16.19,53.0,16.21,196.0,24.39,49.0,24.41,42.0,68.32,1.0,68.75,2.0
2021-10-01 09:41:29.803729-04:00,34.53,2.0,34.58,90.0,18.17,19.0,18.18,746.0,16.59,1343.0,16.6,1589.0,52.48,90.0,52.56,18.0,16.19,53.0,16.21,196.0,24.39,49.0,24.41,215.0,68.32,1.0,68.75,2.0
2021-10-01 09:41:29.803729-04:00,34.53,2.0,34.58,90.0,18.17,19.0,18.18,746.0,16.58,1316.0,16.59,939.0,52.48,90.0,52.56,18.0,16.19,53.0,16.21,196.0,24.39,49.0,24.41,215.0,68.32,1.0,68.75,2.0
2021-10-01 09:41:29.803729-04:00,34.53,2.0,34.58,90.0,18.15,345.0,18.16,249.0,16.58,1316.0,16.59,939.0,52.48,90.0,52.56,18.0,16.19,53.0,16.21,196.0,24.39,49.0,24.41,215.0,68.32,1.0,68.75,2.0
2021-10-01 09:41:29.803729-04:00,34.53,2.0,34.58,90.0,18.15,345.0,18.16,249.0,16.58,1316.0,16.59,939.0,52.47,90.0,52.51,76.0,16.19,53.0,16.21,196.0,24.39,49.0,24.41,215.0,68.32,1.0,68.75,2.0
2021-10-01 09:41:35.773770-04:00,34.55,92.0,34.59,72.0,18.15,345.0,18.16,249.0,16.58,1316.0,16.59,939.0,52.47,90.0,52.51,76.0,16.19,53.0,16.21,196.0,24.39,49.0,24.41,215.0,68.32,1.0,68.75,2.0
2021-10-01 09:41:35.773770-04:00,34.55,92.0,34.59,72.0,18.15,345.0,18.16,249.0,16.58,1316.0,16.59,939.0,52.47,90.0,52.51,76.0,16.19,53.0,16.21,196.0,24.39,49.0,24.41,106.0,68.32,1.0,68.75,2.0
2021-10-01 09:41:35.773770-04:00,34.55,92.0,34.59,72.0,18.15,345.0,18.16,249.0,16.59,515.0,16.6,1070.0,52.47,90.0,52.51,76.0,16.19,53.0,16.21,196.0,24.39,49.0,24.41,106.0,68.32,1.0,68.75,2.0
2021-10-01 09:41:35.773770-04:00,34.55,92.0,34.59,72.0,18.16,76.0,18.17,454.0,16.59,515.0,16.6,1070.0,52.47,90.0,52.51,76.0,16.19,53.0,16.21,196.0,24.39,49.0,24.41,106.0,68.32,1.0,68.75,2.0
2021-10-01 09:41:35.773770-04:00,34.55,92.0,34.59,72.0,18.15,417.0,18.17,1126.0,16.59,515.0,16.6,1070.0,52.47,90.0,52.51,76.0,16.19,53.0,16.21,196.0,24.39,49.0,24.41,229.0,68.32,1.0,68.75,2.0
2021-10-01 09:41:35.773770-04:00,34.55,92.0,34.59,72.0,18.15,417.0,18.17,1126.0,16.59,515.0,16.6,1070.0,52.47,90.0,52.51,76.0,16.19,53.0,16.21,196.0,24.39,49.0,24.41,229.0,68.31,3.0,68.69,2.0
2021-10-01 09:41:48.086849-04:00,34.54,18.0,34.58,18.0,18.15,417.0,18.17,1126.0,16.59,515.0,16.6,1070.0,52.47,90.0,52.51,76.0,16.19,53.0,16.21,196.0,24.39,49.0,24.41,229.0,68.31,3.0,68.69,2.0
2021-10-01 09:41:48.086849-04:00,34.54,18.0,34.58,18.0,18.15,417.0,18.17,1126.0,16.59,515.0,16.6,1070.0,52.48,18.0,52.52,54.0,16.19,53.0,16.21,196.0,24.39,49.0,24.41,229.0,68.31,3.0,68.69,2.0
2021-10-01 09:41:48.086849-04:00,34.54,18.0,34.58,18.0,18.15,417.0,18.17,1126.0,16.58,1286.0,16.59,755.0,52.48,18.0,52.52,54.0,16.19,53.0,16.21,196.0,24.39,49.0,24.41,229.0,68.31,3.0,68.69,2.0
2021-10-01 09:41:48.086849-04:00,34.54,18.0,34.58,18.0,18.15,417.0,18.17,1050.0,16.58,1286.0,16.59,755.0,52.48,18.0,52.52,54.0,16.19,53.0,16.21,196.0,24.39,49.0,24.41,229.0,68.31,3.0,68.69,2.0
2021-10-01 09:41:56.903277-04:00,34.54,74.0,34.59,72.0,18.15,417.0,18.17,1050.0,16.58,1286.0,16.59,755.0,52.48,18.0,52.52,54.0,16.19,53.0,16.21,196.0,24.39,49.0,24.41,229.0,68.31,3.0,68.69,2.0
2021-10-01 09:41:56.903277-04:00,34.54,74.0,34.59,72.0,18.15,417.0,18.17,1050.0,16.58,1286.0,16.59,755.0,52.47,90.0,52.52,54.0,16.19,53.0,16.21,196.0,24.39,49.0,24.41,229.0,68.31,3.0,68.69,2.0
2021-10-01 09:41:56.903277-04:00,34.54,74.0,34.59,72.0,18.15,417.0,18.17,1050.0,16.58,1346.0,16.59,1014.0,52.47,90.0,52.52,54.0,16.19,53.0,16.21,196.0,24.39,49.0,24.41,229.0,68.31,3.0,68.69,2.0
2021-10-01 09:41:56.903277-04:00,34.54,74.0,34.59,72.0,18.15,410.0,18.17,1079.0,16.58,1346.0,16.59,1014.0,52.47,90.0,52.52,54.0,16.19,53.0,16.21,196.0,24.39,49.0,24.41,229.0,68.31,3.0,68.69,2.0
2021-10-01 09:41:56.903277-04:00,34.54,74.0,34.59,72.0,18.15,410.0,18.17,1079.0,16.58,1346.0,16.59,1014.0,52.47,90.0,52.52,92.0,16.19,53.0,16.21,196.0,24.39,49.0,24.41,229.0,68.31,3.0,68.69,2.0
2021-10-01 09:41:56.903277-04:00,34.54,74.0,34.59,72.0,18.15,410.0,18.17,1079.0,16.58,1346.0,16.59,675.0,52.47,90.0,52.52,92.0,16.19,53.0,16.21,196.0,24.39,49.0,24.41,229.0,68.31,3.0,68.69,2.0
2021-10-01 09:42:15.846091-04:00,34.54,18.0,34.59,90.0,18.15,410.0,18.17,1079.0,16.58,1346.0,16.59,675.0,52.47,90.0,52.52,92.0,16.19,53.0,16.21,196.0,24.39,49.0,24.41,229.0,68.31,3.0,68.69,2.0
2021-10-01 09:42:15.846091-04:00,34.54,18.0,34.59,90.0,18.15,410.0,18.17,1079.0,16.58,1346.0,16.59,675.0,52.47,90.0,52.52,72.0,16.19,53.0,16.21,196.0,24.39,49.0,24.41,229.0,68.31,3.0,68.69,2.0
2021-10-01 09:42:15.846091-04:00,34.54,18.0,34.59,90.0,18.15,410.0,18.17,1079.0,16.58,1357.0,16.59,97.0,52.47,90.0,52.52,72.0,16.19,53.0,16.21,196.0,24.39,49.0,24.41,229.0,68.31,3.0,68.69,2.0
2021-10-01 09:42:15.846091-04:00,34.54,18.0,34.59,90.0,18.16,15.0,18.17,957.0,16.58,1357.0,16.59,97.0,52.47,90.0,52.52,72.0,16.19,53.0,16.21,196.0,24.39,49.0,24.41,229.0,68.31,3.0,68.69,2.0
2021-10-01 09:42:27.698954-04:00,34.54,38.0,34.59,90.0,18.16,15.0,18.17,957.0,16.58,1357.0,16.59,97.0,52.47,90.0,52.52,72.0,16.19,53.0,16.21,196.0,24.39,49.0,24.41,229.0,68.31,3.0,68.69,2.0
2021-10-01 09:42:27.698954-04:00,34.54,38.0,34.59,90.0,18.16,15.0,18.17,957.0,16.58,1357.0,16.59,97.0,52.47,90.0,52.52,92.0,16.19,53.0,16.21,196.0,24.39,49.0,24.41,229.0,68.31,3.0,68.69,2.0
2021-10-01 09:42:27.698954-04:00,34.54,38.0,34.59,90.0,18.16,15.0,18.17,957.0,16.58,1357.0,16.59,218.0,52.47,90.0,52.52,92.0,16.19,53.0,16.21,196.0,24.39,49.0,24.41,229.0,68.31,3.0,68.69,2.0
2021-10-01 09:42:27.698954-04:00,34.54,38.0,34.59,90.0,18.16,15.0,18.17,957.0,16.58,1444.0,16.59,1644.0,52.47,90.0,52.52,92.0,16.19,53.0,16.21,196.0,24.39,49.0,24.41,229.0,68.31,3.0,68.69,2.0
2021-10-01 09:42:37.305386-04:00,34.53,76.0,34.58,90.0,18.15,402.0,18.16,759.0,16.58,1444.0,16.59,1644.0,52.47,90.0,52.52,92.0,16.19,53.0,16.21,196.0,24.39,49.0,24.41,229.0,68.31,3.0,68.69,2.0
2021-10-01 09:42:37.305386-04:00,34.53,76.0,34.58,90.0,18.15,402.0,18.16,759.0,16.58,1444.0,16.59,1644.0,52.48,90.0,52.53,94.0,16.19,53.0,16.21,196.0,24.39,49.0,24.41,229.0,68.31,3.0,68.69,2.0
2021-10-01 09:42:50.897707-04:00,34.53,2.0,34.58,90.0,18.15,386.0,18.16,190.0,16.58,1480.0,16.59,1644.0,52.48,90.0,52.53,22.0,16.19,53.0,16.21,196.0,24.39,49.0,24.41,229.0,68.31,3.0,68.69,2.0
2021-10-01 09:42:50.897707-04:00,34.53,2.0,34.58,90.0,18.15,386.0,18.16,190.0,16.58,1444.0,16.59,1644.0,52.48,90.0,52.53,22.0,16.19,53.0,16.21,196.0,24.39,49.0,24.41,229.0,68.31,3.0,68.69,2.0
2021-10-01 09:42:54.758707-04:00,34.53,58.0,34.58,90.0,18.15,386.0,18.16,190.0,16.58,1444.0,16.59,1644.0,52.48,90.0,52.53,58.0,16.19,53.0,16.21,196.0,24.39,49.0,24.41,229.0,68.31,3.0,68.69,2.0
2021-10-01 09:42:54.758707-04:00,34.53,58.0,34.58,90.0,18.15,386.0,18.16,302.0,16.58,1444.0,16.59,1644.0,52.48,90.0,52.53,58.0,16.19,53.0,16.21,196.0,24.39,49.0,24.41,229.0,68.31,3.0,68.69,2.0
2021-10-01 09:42:54.758707-04:00,34.53,58.0,34.58,90.0,18.15,386.0,18.16,302.0,16.58,1444.0,16.59,1644.0,52.48,90.0,52.53,58.0,16.19,53.0,16.21,196.0,24.39,49.0,24.41,229.0,68.31,3.0,68.69,26.0
2021-10-01 09:43:04.897171-04:00,34.52,108.0,34.58,90.0,18.15,386.0,18.16,302.0,16.58,1444.0,16.59,1644.0,52.48,90.0,52.53,58.0,16.19,53.0,16.21,196.0,24.39,49.0,24.41,229.0,68.31,3.0,68.69,26.0
2021-10-01 09:43:04.897171-04:00,34.52,108.0,34.58,90.0,18.15,386.0,18.16,302.0,16.58,1444.0,16.59,1644.0,52.48,90.0,52.53,58.0,16.19,53.0,16.21,196.0,24.39,49.0,24.41,229.0,68.31,3.0,68.69,3.0
2021-10-01 09:43:04.897171-04:00,34.52,108.0,34.58,90.0,18.15,386.0,18.16,302.0,16.58,1444.0,16.59,1644.0,52.48,90.0,52.53,18.0,16.19,53.0,16.21,196.0,24.39,49.0,24.41,229.0,68.31,3.0,68.69,3.0
2021-10-01 09:43:04.897171-04:00,34.52,108.0,34.58,90.0,18.15,386.0,18.16,186.0,16.58,1444.0,16.59,1644.0,52.48,90.0,52.53,18.0,16.19,53.0,16.21,196.0,24.39,49.0,24.41,229.0,68.31,3.0,68.69,3.0
2021-10-01 09:43:04.897171-04:00,34.52,108.0,34.58,90.0,18.15,386.0,18.16,186.0,16.58,1444.0,16.59,1644.0,52.48,90.0,52.53,18.0,16.2,55.0,16.21,196.0,24.39,49.0,24.41,229.0,68.31,3.0,68.69,3.0
2021-10-01 09:43:04.897171-04:00,34.52,108.0,34.58,90.0,18.15,386.0,18.16,186.0,16.58,1444.0,16.59,1644.0,52.48,90.0,52.53,18.0,16.2,55.0,16.21,196.0,24.4,9.0,24.41,34.0,68.31,3.0,68.69,3.0
2021-10-01 09:43:04.897171-04:00,34.52,108.0,34.58,90.0,18.15,386.0,18.16,186.0,16.59,929.0,16.6,1908.0,52.48,90.0,52.53,18.0,16.2,55.0,16.21,196.0,24.4,9.0,24.41,34.0,68.31,3.0,68.69,3.0
2021-10-01 09:43:04.897171-04:00,34.52,108.0,34.58,90.0,18.15,386.0,18.16,186.0,16.59,929.0,16.6,1908.0,52.48,90.0,52.53,18.0,16.2,55.0,16.21,196.0,24.4,9.0,24.41,34.0,68.31,3.0,68.67,3.0
2021-10-01 09:43:17.863877-04:00,34.56,90.0,34.6,90.0,18.15,386.0,18.16,186.0,16.59,929.0,16.6,1908.0,52.48,90.0,52.53,18.0,16.2,55.0,16.21,196.0,24.4,9.0,24.41,34.0,68.31,3.0,68.67,3.0
2021-10-01 09:43:17.863877-04:00,34.56,90.0,34.6,90.0,18.15,386.0,18.16,186.0,16.59,929.0,16.6,1908.0,52.46,90.0,52.5,72.0,16.2,55.0,16.21,196.0,24.4,9.0,24.41,34.0,68.31,3.0,68.67,3.0
2021-10-01 09:43:17.863877-04:00,34.56,90.0,34.6,90.0,18.16,425.0,18.17,350.0,16.59,929.0,16.6,1908.0,52.46,90.0,52.5,72.0,16.2,55.0,16.21,196.0,24.4,9.0,24.41,34.0,68.31,3.0,68.67,3.0
2021-10-01 09:43:17.863877-04:00,34.56,90.0,34.6,90.0,18.16,425.0,18.17,350.0,16.59,929.0,16.6,1908.0,52.46,90.0,52.5,72.0,16.2,10.0,16.21,205.0,24.4,9.0,24.41,34.0,68.31,3.0,68.67,3.0
2021-10-01 09:43:24.896634-04:00,34.52,18.0,34.58,18.0,18.16,425.0,18.17,350.0,16.59,929.0,16.6,1908.0,52.46,90.0,52.5,72.0,16.2,10.0,16.21,205.0,24.4,9.0,24.41,34.0,68.31,3.0,68.67,3.0
2021-10-01 09:43:24.896634-04:00,34.52,18.0,34.58,18.0,18.16,425.0,18.17,350.0,16.59,929.0,16.6,1908.0,52.48,18.0,52.52,36.0,16.2,10.0,16.21,205.0,24.39,47.0,24.41,185.0,68.31,3.0,68.67,3.0
2021-10-01 09:43:24.896634-04:00,34.52,18.0,34.58,18.0,18.16,425.0,18.17,350.0,16.59,169.0,16.6,1844.0,52.48,18.0,52.52,36.0,16.2,10.0,16.21,205.0,24.39,47.0,24.41,185.0,68.31,3.0,68.67,3.0
2021-10-01 09:43:24.896634-04:00,34.52,18.0,34.58,18.0,18.15,477.0,18.16,138.0,16.59,169.0,16.6,1844.0,52.48,18.0,52.52,36.0,16.2,10.0,16.21,205.0,24.39,47.0,24.41,185.0,68.31,3.0,68.67,3.0
2021-10-01 09:43:24.896634-04:00,34.52,18.0,34.58,18.0,18.15,477.0,18.16,138.0,16.59,169.0,16.6,1844.0,52.48,18.0,52.52,36.0,16.2,65.0,16.21,209.0,24.39,47.0,24.41,185.0,68.31,3.0,68.67,3.0
2021-10-01 09:43:24.896634-04:00,34.52,18.0,34.58,18.0,18.15,477.0,18.16,138.0,16.59,779.0,16.6,1979.0,52.48,18.0,52.52,36.0,16.2,65.0,16.21,209.0,24.39,47.0,24.41,185.0,68.31,3.0,68.67,3.0
2021-10-01 09:43:37.264119-04:00,34.56,90.0,34.61,68.0,18.15,477.0,18.16,138.0,16.59,779.0,16.6,1979.0,52.48,18.0,52.52,36.0,16.2,65.0,16.21,209.0,24.39,47.0,24.41,185.0,68.31,3.0,68.67,3.0
2021-10-01 09:43:37.264119-04:00,34.56,90.0,34.61,68.0,18.16,548.0,18.17,272.0,16.59,779.0,16.6,1979.0,52.48,18.0,52.52,36.0,16.2,65.0,16.21,209.0,24.39,47.0,24.41,185.0,68.31,3.0,68.67,3.0
2021-10-01 09:43:37.264119-04:00,34.56,90.0,34.61,68.0,18.16,548.0,18.17,272.0,16.59,779.0,16.6,1979.0,52.48,18.0,52.52,36.0,16.2,65.0,16.21,209.0,24.4,12.0,24.41,34.0,68.31,3.0,68.67,3.0
2021-10-01 09:43:37.264119-04:00,34.56,90.0,34.61,68.0,18.16,548.0,18.17,272.0,16.59,779.0,16.6,1979.0,52.46,34.0,52.5,90.0,16.2,65.0,16.21,209.0,24.4,12.0,24.41,34.0,68.31,3.0,68.67,3.0
2021-10-01 09:43:38.790449-04:00,34.56,90.0,34.6,52.0,18.16,548.0,18.17,272.0,16.59,779.0,16.6,1979.0,52.46,34.0,52.5,90.0,16.2,65.0,16.21,209.0,24.4,12.0,24.41,34.0,68.31,3.0,68.67,3.0
2021-10-01 09:43:38.790449-04:00,34.56,90.0,34.6,52.0,18.16,548.0,18.17,272.0,16.59,779.0,16.6,1979.0,52.46,122.0,52.5,90.0,16.2,65.0,16.21,209.0,24.4,12.0,24.41,34.0,68.31,3.0,68.67,3.0
2021-10-01 09:43:38.790449-04:00,34.56,90.0,34.6,52.0,18.16,548.0,18.17,272.0,16.59,779.0,16.6,1991.0,52.46,122.0,52.5,90.0,16.2,65.0,16.21,209.0,24.4,12.0,24.41,34.0,68.31,3.0,68.67,3.0
2021-10-01 09:43:38.790449-04:00,34.56,90.0,34.6,52.0,18.16,536.0,18.17,343.0,16.59,779.0,16.6,1991.0,52.46,122.0,52.5,90.0,16.2,65.0,16.21,209.0,24.4,12.0,24.41,34.0,68.31,3.0,68.67,3.0
2021-10-01 09:43:38.790449-04:00,34.56,90.0,34.6,52.0,18.16,536.0,18.17,343.0,16.59,779.0,16.6,1991.0,52.45,90.0,52.5,90.0,16.2,65.0,16.21,209.0,24.4,12.0,24.41,34.0,68.31,3.0,68.67,3.0
2021-10-01 09:43:53.743411-04:00,34.56,36.0,34.61,72.0,18.16,536.0,18.17,343.0,16.59,779.0,16.6,1991.0,52.45,90.0,52.5,90.0,16.2,65.0,16.21,209.0,24.4,12.0,24.41,34.0,68.31,3.0,68.67,3.0
2021-10-01 09:43:53.743411-04:00,34.56,36.0,34.61,72.0,18.17,1.0,18.17,37.0,16.59,779.0,16.6,1991.0,52.45,90.0,52.5,90.0,16.2,65.0,16.21,209.0,24.4,12.0,24.41,34.0,68.31,3.0,68.67,3.0
2021-10-01 09:43:53.743411-04:00,34.56,36.0,34.61,72.0,18.17,1.0,18.17,37.0,16.59,735.0,16.6,1792.0,52.45,90.0,52.5,90.0,16.2,65.0,16.21,209.0,24.4,12.0,24.41,34.0,68.31,3.0,68.67,3.0
2021-10-01 09:44:00.757279-04:00,34.59,96.0,34.65,18.0,18.17,1.0,18.17,37.0,16.59,735.0,16.6,1792.0,52.45,90.0,52.5,90.0,16.2,65.0,16.21,209.0,24.4,12.0,24.41,34.0,68.31,3.0,68.67,3.0
2021-10-01 09:44:00.757279-04:00,34.59,96.0,34.65,18.0,18.17,1.0,18.17,37.0,16.59,735.0,16.6,1792.0,52.45,90.0,52.5,90.0,16.2,65.0,16.21,209.0,24.4,8.0,24.41,34.0,68.31,3.0,68.67,3.0
2021-10-01 09:44:00.757279-04:00,34.59,96.0,34.65,18.0,18.17,1.0,18.17,37.0,16.59,1560.0,16.6,1585.0,52.45,90.0,52.5,90.0,16.2,65.0,16.21,209.0,24.4,8.0,24.41,34.0,68.31,3.0,68.67,3.0
2021-10-01 09:44:00.757279-04:00,34.59,96.0,34.65,18.0,18.17,1.0,18.17,37.0,16.59,1560.0,16.6,1585.0,52.45,90.0,52.5,90.0,16.2,65.0,16.21,209.0,24.4,8.0,24.41,34.0,68.31,3.0,68.67,27.0
2021-10-01 09:44:00.757279-04:00,34.59,96.0,34.65,18.0,18.17,1.0,18.17,37.0,16.59,1560.0,16.6,1585.0,52.41,18.0,52.47,93.0,16.2,65.0,16.21,209.0,24.4,8.0,24.41,34.0,68.31,3.0,68.67,27.0
2021-10-01 09:44:00.757279-04:00,34.59,96.0,34.65,18.0,18.17,279.0,18.18,296.0,16.59,1560.0,16.6,1585.0,52.41,18.0,52.47,93.0,16.2,65.0,16.21,209.0,24.4,8.0,24.41,34.0,68.31,3.0,68.67,27.0
2021-10-01 09:44:00.757279-04:00,34.59,96.0,34.65,18.0,18.17,279.0,18.18,296.0,16.59,1560.0,16.6,1585.0,52.41,18.0,52.47,93.0,16.2,62.0,16.21,173.0,24.4,7.0,24.41,34.0,68.31,3.0,68.67,27.0
2021-10-01 09:44:00.757279-04:00,34.59,96.0,34.65,18.0,18.17,279.0,18.18,296.0,16.59,1672.0,16.6,1717.0,52.41,18.0,52.47,93.0,16.2,62.0,16.21,173.0,24.4,7.0,24.41,34.0,68.31,3.0,68.67,27.0
2021-10-01 09:44:00.757279-04:00,34.59,96.0,34.65,18.0,18.17,131.0,18.18,1027.0,16.59,1672.0,16.6,1717.0,52.41,18.0,52.47,93.0,16.2,62.0,16.21,173.0,24.4,7.0,24.41,34.0,68.31,3.0,68.67,27.0
2021-10-01 09:44:17.906398-04:00,34.58,76.0,34.62,90.0,18.17,131.0,18.18,1027.0,16.59,1672.0,16.6,1717.0,52.41,18.0,52.47,93.0,16.2,62.0,16.21,173.0,24.4,7.0,24.41,34.0,68.31,3.0,68.67,27.0
2021-10-01 09:44:17.906398-04:00,34.58,76.0,34.62,90.0,18.17,131.0,18.18,1027.0,16.59,1672.0,16.6,1717.0,52.44,90.0,52.48,94.0,16.2,62.0,16.21,173.0,24.4,7.0,24.41,34.0,68.31,3.0,68.67,27.0
2021-10-01 09:44:17.906398-04:00,34.58,76.0,34.62,90.0,18.17,131.0,18.18,1027.0,16.59,1672.0,16.6,1717.0,52.44,90.0,52.48,94.0,16.2,62.0,16.21,173.0,24.4,7.0,24.41,34.0,68.31,3.0,68.65,3.0
2021-10-01 09:44:17.906398-04:00,34.58,76.0,34.62,90.0,18.17,131.0,18.18,1027.0,16.59,1672.0,16.6,1717.0,52.44,90.0,52.48,94.0,16.2,60.0,16.22,196.0,24.4,7.0,24.41,34.0,68.31,3.0,68.65,3.0
2021-10-01 09:44:17.906398-04:00,34.58,76.0,34.62,90.0,18.17,131.0,18.18,1027.0,16.59,1672.0,16.6,1717.0,52.44,90.0,52.48,94.0,16.2,60.0,16.22,196.0,24.4,58.0,24.41,17.0,68.31,3.0,68.65,3.0
2021-10-01 09:44:25.353489-04:00,34.58,91.0,34.63,108.0,18.17,131.0,18.18,1027.0,16.59,1672.0,16.6,1717.0,52.43,108.0,52.48,90.0,16.2,60.0,16.22,196.0,24.4,58.0,24.41,17.0,68.31,3.0,68.65,3.0
2021-10-01 09:44:25.353489-04:00,34.58,91.0,34.63,108.0,18.17,375.0,18.18,522.0,16.59,1672.0,16.6,1717.0,52.43,108.0,52.48,90.0,16.2,60.0,16.22,196.0,24.4,58.0,24.41,17.0,68.31,3.0,68.65,3.0
2021-10-01 09:44:25.353489-04:00,34.58,91.0,34.63,108.0,18.17,375.0,18.18,522.0,16.59,1818.0,16.6,1401.0,52.43,108.0,52.48,90.0,16.2,60.0,16.22,196.0,24.4,58.0,24.41,17.0,68.31,3.0,68.65,3.0
2021-10-01 09:44:25.353489-04:00,34.58,91.0,34.63,108.0,18.17,380.0,18.18,518.0,16.59,1651.0,16.6,1376.0,52.43,108.0,52.48,90.0,16.2,60.0,16.21,27.0,24.4,58.0,24.41,17.0,68.31,3.0,68.65,3.0
2021-10-01 09:44:25.353489-04:00,34.58,91.0,34.63,108.0,18.17,380.0,18.18,518.0,16.59,1651.0,16.6,1376.0,52.43,108.0,52.48,90.0,16.2,60.0,16.21,27.0,24.4,45.0,24.41,17.0,68.31,3.0,68.65,3.0
2021-10-01 09:44:39.873464-04:00,34.59,18.0,34.63,18.0,18.17,380.0,18.18,518.0,16.59,1651.0,16.6,1376.0,52.43,108.0,52.48,90.0,16.2,60.0,16.21,27.0,24.4,45.0,24.41,17.0,68.31,3.0,68.65,3.0
2021-10-01 09:44:39.873464-04:00,34.59,18.0,34.63,18.0,18.17,378.0,18.18,250.0,16.59,1651.0,16.6,1376.0,52.43,108.0,52.48,90.0,16.2,60.0,16.21,27.0,24.4,61.0,24.41,17.0,68.31,3.0,68.65,3.0
2021-10-01 09:44:39.873464-04:00,34.59,18.0,34.63,18.0,18.17,378.0,18.18,250.0,16.59,1651.0,16.6,1376.0,52.43,108.0,52.48,90.0,16.2,60.0,16.21,22.0,24.4,61.0,24.41,17.0,68.31,3.0,68.65,3.0
2021-10-01 09:44:39.873464-04:00,34.59,18.0,34.63,18.0,18.17,378.0,18.18,250.0,16.59,1663.0,16.6,1376.0,52.43,108.0,52.48,90.0,16.2,60.0,16.21,22.0,24.4,61.0,24.41,17.0,68.31,3.0,68.65,3.0
2021-10-01 09:44:39.873464-04:00,34.59,18.0,34.63,18.0,18.17,378.0,18.18,250.0,16.59,1663.0,16.6,1376.0,52.43,108.0,52.48,90.0,16.2,60.0,16.21,36.0,24.4,61.0,24.41,17.0,68.31,3.0,68.65,3.0
2021-10-01 09:44:39.873464-04:00,34.59,18.0,34.63,18.0,18.17,378.0,18.18,250.0,16.59,1663.0,16.6,1376.0,52.43,108.0,52.48,90.0,16.2,60.0,16.21,36.0,24.4,56.0,24.41,17.0,68.31,3.0,68.65,3.0
2021-10-01 09:44:39.873464-04:00,34.59,18.0,34.63,18.0,18.17,378.0,18.18,250.0,16.59,1663.0,16.6,1376.0,52.43,108.0,52.48,90.0,16.2,60.0,16.21,36.0,24.4,56.0,24.41,17.0,68.31,3.0,68.65,1.0
2021-10-01 09:44:39.873464-04:00,34.59,18.0,34.63,18.0,18.17,239.0,18.18,516.0,16.59,1510.0,16.6,1109.0,52.43,108.0,52.48,90.0,16.2,60.0,16.21,36.0,24.4,56.0,24.41,17.0,68.31,3.0,68.65,1.0
2021-10-01 09:44:58.356059-04:00,34.58,72.0,34.63,72.0,18.17,239.0,18.18,516.0,16.59,1510.0,16.6,1109.0,52.43,90.0,52.47,18.0,16.2,60.0,16.21,36.0,24.4,56.0,24.41,17.0,68.31,3.0,68.65,1.0
2021-10-01 09:44:59.383670-04:00,34.58,72.0,34.63,72.0,18.17,239.0,18.18,516.0,16.59,1510.0,16.6,1109.0,52.43,90.0,52.47,18.0,16.2,60.0,16.21,36.0,24.4,56.0,24.41,17.0,68.31,4.0,68.62,4.0
2021-10-01 09:44:59.383670-04:00,34.58,72.0,34.63,72.0,18.17,239.0,18.18,516.0,16.59,1510.0,16.6,1109.0,52.43,90.0,52.47,18.0,16.2,60.0,16.21,36.0,24.4,65.0,24.41,17.0,68.31,4.0,68.62,4.0
2021-10-01 09:44:59.383670-04:00,34.58,72.0,34.63,72.0,18.17,239.0,18.18,516.0,16.59,1510.0,16.6,1109.0,52.43,90.0,52.47,18.0,16.2,73.0,16.22,217.0,24.4,65.0,24.41,17.0,68.31,4.0,68.62,4.0
2021-10-01 09:44:59.383670-04:00,34.58,72.0,34.63,72.0,18.17,239.0,18.18,516.0,16.59,1376.0,16.6,2359.0,52.43,90.0,52.47,18.0,16.2,73.0,16.22,217.0,24.4,65.0,24.41,17.0,68.31,4.0,68.62,4.0
2021-10-01 09:44:59.383670-04:00,34.58,72.0,34.63,72.0,18.17,15.0,18.18,1598.0,16.59,1376.0,16.6,2359.0,52.43,90.0,52.47,18.0,16.2,73.0,16.22,217.0,24.4,65.0,24.41,17.0,68.31,4.0,68.62,4.0
2021-10-01 09:45:07.676043-04:00,34.58,2.0,34.62,18.0,18.17,15.0,18.18,1598.0,16.59,1376.0,16.6,2359.0,52.43,90.0,52.47,18.0,16.2,73.0,16.22,217.0,24.4,65.0,24.41,17.0,68.31,4.0,68.62,4.0
2021-10-01 09:45:07.676043-04:00,34.58,2.0,34.62,18.0,18.17,15.0,18.18,1598.0,16.59,1376.0,16.6,2359.0,52.44,21.0,52.48,2.0,16.2,73.0,16.22,217.0,24.4,65.0,24.41,17.0,68.31,4.0,68.62,4.0
2021-10-01 09:45:14.706001-04:00,34.58,2.0,34.62,18.0,18.17,15.0,18.18,1598.0,16.59,1376.0,16.6,2359.0,52.44,21.0,52.48,2.0,16.2,73.0,16.22,217.0,24.4,65.0,24.41,17.0,68.26,1.0,68.62,4.0
2021-10-01 09:45:14.706001-04:00,34.58,2.0,34.62,18.0,18.17,15.0,18.18,1598.0,16.59,1376.0,16.6,2359.0,52.44,21.0,52.48,2.0,16.22,13.0,16.23,244.0,24.4,65.0,24.41,17.0,68.26,1.0,68.62,4.0
2021-10-01 09:45:14.706001-04:00,34.58,2.0,34.62,18.0,18.17,15.0,18.18,1598.0,16.6,2662.0,16.61,1760.0,52.44,21.0,52.48,2.0,16.22,13.0,16.23,244.0,24.4,65.0,24.41,17.0,68.26,1.0,68.62,4.0
2021-10-01 09:45:14.706001-04:00,34.58,2.0,34.62,18.0,18.19,1194.0,18.2,209.0,16.6,2662.0,16.61,1760.0,52.44,21.0,52.48,2.0,16.22,13.0,16.23,244.0,24.4,65.0,24.41,17.0,68.26,1.0,68.62,4.0
2021-10-01 09:45:19.554277-04:00,34.65,74.0,34.69,12.0,18.19,1194.0,18.2,209.0,16.6,2662.0,16.61,1760.0,52.44,21.0,52.48,2.0,16.22,13.0,16.23,244.0,24.4,65.0,24.41,17.0,68.26,1.0,68.62,4.0
2021-10-01 09:45:19.554277-04:00,34.65,74.0,34.69,12.0,18.19,1194.0,18.2,209.0,16.6,2662.0,16.61,1760.0,52.37,26.0,52.41,112.0,16.22,13.0,16.23,244.0,24.41,49.0,24.42,60.0,68.26,1.0,68.62,4.0
2021-10-01 09:45:19.554277-04:00,34.65,74.0,34.69,12.0,18.19,1194.0,18.2,209.0,16.6,2662.0,16.61,1760.0,52.37,26.0,52.41,112.0,16.22,13.0,16.23,244.0,24.4,57.0,24.42,90.0,68.26,1.0,68.62,4.0
2021-10-01 09:45:19.554277-04:00,34.65,74.0,34.69,12.0,18.19,1194.0,18.2,209.0,16.6,2662.0,16.61,1760.0,52.37,26.0,52.41,112.0,16.21,66.0,16.22,193.0,24.4,57.0,24.42,90.0,68.26,1.0,68.62,4.0
2021-10-01 09:45:19.554277-04:00,34.65,74.0,34.69,12.0,18.19,1194.0,18.2,209.0,16.6,2662.0,16.61,1760.0,52.37,26.0,52.41,112.0,16.21,66.0,16.22,193.0,24.4,57.0,24.42,90.0,68.26,3.0,68.62,4.0
2021-10-01 09:45:19.554277-04:00,34.65,74.0,34.69,12.0,18.19,1194.0,18.2,209.0,16.6,816.0,16.61,2391.0,52.37,26.0,52.41,112.0,16.21,66.0,16.22,193.0,24.4,57.0,24.42,90.0,68.26,3.0,68.62,4.0
2021-10-01 09:45:27.798906-04:00,34.61,2.0,34.65,18.0,18.19,1194.0,18.2,209.0,16.6,816.0,16.61,2391.0,52.37,26.0,52.41,112.0,16.21,66.0,16.22,193.0,24.4,57.0,24.42,90.0,68.26,3.0,68.62,4.0
2021-10-01 09:45:27.798906-04:00,34.61,2.0,34.65,18.0,18.18,103.0,18.19,2216.0,16.6,816.0,16.61,2391.0,52.37,26.0,52.41,112.0,16.21,66.0,16.22,193.0,24.4,57.0,24.42,90.0,68.26,3.0,68.62,4.0
2021-10-01 09:45:27.798906-04:00,34.61,2.0,34.65,18.0,18.18,103.0,18.19,2216.0,16.6,816.0,16.61,2391.0,52.41,101.0,52.46,18.0,16.21,66.0,16.22,193.0,24.4,57.0,24.42,90.0,68.26,3.0,68.62,4.0
2021-10-01 09:45:36.876199-04:00,34.65,2.0,34.67,4.0,18.18,103.0,18.19,2216.0,16.6,816.0,16.61,2391.0,52.41,101.0,52.46,18.0,16.21,66.0,16.22,193.0,24.4,57.0,24.42,90.0,68.26,3.0,68.62,4.0
2021-10-01 09:45:36.876199-04:00,34.65,2.0,34.67,4.0,18.18,103.0,18.19,2216.0,16.6,816.0,16.61,2391.0,52.41,101.0,52.46,18.0,16.21,73.0,16.22,196.0,24.4,57.0,24.42,90.0,68.26,3.0,68.62,4.0
2021-10-01 09:45:36.876199-04:00,34.65,2.0,34.67,4.0,18.18,103.0,18.19,2216.0,16.6,2474.0,16.61,2159.0,52.41,101.0,52.46,18.0,16.21,73.0,16.22,196.0,24.4,57.0,24.42,90.0,68.26,3.0,68.62,4.0
2021-10-01 09:45:36.876199-04:00,34.65,2.0,34.67,4.0,18.19,202.0,18.2,1302.0,16.6,2474.0,16.61,2159.0,52.41,101.0,52.46,18.0,16.21,73.0,16.22,196.0,24.4,57.0,24.42,90.0,68.26,3.0,68.62,4.0
2021-10-01 09:45:36.876199-04:00,34.65,2.0,34.67,4.0,18.19,202.0,18.2,1302.0,16.6,2474.0,16.61,2159.0,52.38,59.0,52.42,76.0,16.21,73.0,16.22,196.0,24.4,51.0,24.42,99.0,68.26,3.0,68.62,4.0
2021-10-01 09:45:46.508966-04:00,34.65,2.0,34.67,4.0,18.19,202.0,18.2,1302.0,16.6,2474.0,16.61,2159.0,52.38,59.0,52.42,76.0,16.21,71.0,16.22,203.0,24.4,51.0,24.42,99.0,68.26,3.0,68.62,4.0
2021-10-01 09:45:46.508966-04:00,34.65,2.0,34.67,4.0,18.19,202.0,18.2,1302.0,16.6,1949.0,16.61,1932.0,52.38,59.0,52.42,76.0,16.21,71.0,16.22,203.0,24.4,51.0,24.42,99.0,68.26,3.0,68.62,4.0
2021-10-01 09:45:47.838986-04:00,34.63,38.0,34.67,4.0,18.19,202.0,18.2,1302.0,16.6,1949.0,16.61,1932.0,52.38,59.0,52.42,76.0,16.21,71.0,16.22,203.0,24.4,51.0,24.42,99.0,68.26,3.0,68.62,4.0
2021-10-01 09:45:47.838986-04:00,34.63,38.0,34.67,4.0,18.18,1542.0,18.19,317.0,16.6,1949.0,16.61,1932.0,52.38,59.0,52.42,76.0,16.21,71.0,16.22,203.0,24.4,51.0,24.42,99.0,68.26,3.0,68.62,4.0
2021-10-01 09:45:47.838986-04:00,34.63,38.0,34.67,4.0,18.18,1542.0,18.19,317.0,16.6,1949.0,16.61,1932.0,52.39,2.0,52.43,112.0,16.21,71.0,16.22,203.0,24.4,51.0,24.42,99.0,68.26,3.0,68.62,4.0
2021-10-01 09:45:47.838986-04:00,34.63,38.0,34.67,4.0,18.18,1542.0,18.19,317.0,16.6,1949.0,16.61,1932.0,52.39,2.0,52.43,112.0,16.21,71.0,16.22,203.0,24.4,51.0,24.42,56.0,68.26,3.0,68.62,4.0
2021-10-01 09:46:00.023981-04:00,34.62,40.0,34.67,96.0,18.18,595.0,18.19,719.0,16.6,1140.0,16.61,2118.0,52.4,3.0,52.44,132.0,16.21,71.0,16.22,8.0,24.4,51.0,24.42,56.0,68.26,3.0,68.62,4.0
2021-10-01 09:46:00.023981-04:00,34.62,40.0,34.67,96.0,18.18,595.0,18.19,719.0,16.6,1140.0,16.61,2118.0,52.4,3.0,52.44,132.0,16.21,79.0,16.22,226.0,24.4,51.0,24.42,58.0,68.26,3.0,68.62,4.0
2021-10-01 09:46:00.023981-04:00,34.62,40.0,34.67,96.0,18.18,595.0,18.19,719.0,16.6,2378.0,16.61,2172.0,52.4,3.0,52.44,132.0,16.21,79.0,16.22,226.0,24.4,51.0,24.42,58.0,68.26,3.0,68.62,4.0
2021-10-01 09:46:00.023981-04:00,34.62,40.0,34.67,96.0,18.18,1752.0,18.19,266.0,16.6,2378.0,16.61,2172.0,52.4,3.0,52.44,132.0,16.21,79.0,16.22,226.0,24.4,51.0,24.42,58.0,68.26,3.0,68.62,4.0
2021-10-01 09:46:07.897839-04:00,34.64,146.0,34.67,4.0,18.18,1752.0,18.19,266.0,16.6,2378.0,16.61,2172.0,52.4,3.0,52.44,132.0,16.21,79.0,16.22,226.0,24.4,51.0,24.42,58.0,68.26,3.0,68.62,4.0
2021-10-01 09:46:07.897839-04:00,34.64,146.0,34.67,4.0,18.18,1752.0,18.19,266.0,16.6,2378.0,16.61,2172.0,52.38,2.0,52.42,148.0,16.21,79.0,16.22,226.0,24.4,51.0,24.42,58.0,68.26,3.0,68.62,4.0
2021-10-01 09:46:09.009865-04:00,34.64,146.0,34.67,4.0,18.18,1752.0,18.19,266.0,16.6,2378.0,16.61,2172.0,52.38,2.0,52.42,148.0,16.22,55.0,16.23,187.0,24.4,51.0,24.42,58.0,68.26,3.0,68.62,4.0
2021-10-01 09:46:09.009865-04:00,34.64,146.0,34.67,4.0,18.18,1752.0,18.19,266.0,16.61,832.0,16.62,2629.0,52.38,2.0,52.42,148.0,16.22,55.0,16.23,187.0,24.4,51.0,24.42,58.0,68.26,3.0,68.62,4.0
2021-10-01 09:46:09.009865-04:00,34.64,146.0,34.67,4.0,18.19,2169.0,18.2,376.0,16.61,832.0,16.62,2629.0,52.38,2.0,52.42,148.0,16.22,55.0,16.23,187.0,24.4,51.0,24.42,58.0,68.26,3.0,68.61,28.0
2021-10-01 09:46:17.899090-04:00,34.68,2.0,34.71,13.0,18.19,2169.0,18.2,376.0,16.61,832.0,16.62,2629.0,52.38,2.0,52.42,148.0,16.22,55.0,16.23,187.0,24.4,51.0,24.42,58.0,68.26,3.0,68.61,28.0
2021-10-01 09:46:17.899090-04:00,34.68,2.0,34.71,13.0,18.19,2169.0,18.2,376.0,16.61,832.0,16.62,2629.0,52.35,63.0,52.39,22.0,16.22,55.0,16.23,187.0,24.4,51.0,24.42,58.0,68.26,3.0,68.61,28.0
2021-10-01 09:46:17.899090-04:00,34.68,2.0,34.71,13.0,18.19,2169.0,18.2,376.0,16.61,832.0,16.62,2629.0,52.35,63.0,52.39,22.0,16.22,55.0,16.23,187.0,24.41,78.0,24.42,13.0,68.26,3.0,68.61,28.0
2021-10-01 09:46:17.899090-04:00,34.68,2.0,34.71,13.0,18.19,2169.0,18.2,376.0,16.61,832.0,16.62,2629.0,52.35,63.0,52.39,22.0,16.22,12.0,16.23,209.0,24.41,78.0,24.42,13.0,68.26,3.0,68.61,28.0
2021-10-01 09:46:17.899090-04:00,34.68,2.0,34.71,13.0,18.19,2169.0,18.2,376.0,16.61,192.0,16.62,2965.0,52.35,63.0,52.39,22.0,16.22,12.0,16.23,209.0,24.41,78.0,24.42,13.0,68.26,3.0,68.61,28.0
2021-10-01 09:46:17.899090-04:00,34.68,2.0,34.71,13.0,18.19,2157.0,18.2,376.0,16.61,192.0,16.62,2965.0,52.35,63.0,52.39,22.0,16.22,12.0,16.23,209.0,24.41,78.0,24.42,13.0,68.26,3.0,68.61,28.0
2021-10-01 09:46:27.996328-04:00,34.68,2.0,34.71,126.0,18.19,2157.0,18.2,376.0,16.61,192.0,16.62,2965.0,52.35,63.0,52.39,22.0,16.22,12.0,16.23,209.0,24.41,78.0,24.42,13.0,68.26,3.0,68.61,28.0
2021-10-01 09:46:27.996328-04:00,34.68,2.0,34.71,126.0,18.19,2157.0,18.2,376.0,16.61,192.0,16.62,2965.0,52.36,21.0,52.4,94.0,16.22,12.0,16.23,209.0,24.41,78.0,24.42,13.0,68.26,3.0,68.61,28.0
2021-10-01 09:48:09.904639-04:00,34.61,56.0,34.66,58.0,18.17,1928.0,18.18,643.0,16.59,4931.0,16.6,556.0,52.36,21.0,52.4,94.0,16.22,12.0,16.23,209.0,24.41,78.0,24.42,13.0,68.26,3.0,68.61,28.0
2021-10-01 09:48:09.907631-04:00,34.61,56.0,34.66,58.0,18.17,1928.0,18.18,643.0,16.59,4931.0,16.6,556.0,52.4,39.0,52.44,22.0,16.21,53.0,16.22,224.0,24.4,49.0,24.42,234.0,68.26,3.0,68.61,28.0
2021-10-01 09:48:09.907631-04:00,34.61,56.0,34.66,58.0,18.17,1928.0,18.18,643.0,16.59,4931.0,16.6,556.0,52.4,39.0,52.44,22.0,16.21,53.0,16.22,224.0,24.4,49.0,24.42,234.0,68.26,4.0,68.61,4.0
2021-10-01 09:48:18.160642-04:00,34.56,54.0,34.6,3.0,18.17,1928.0,18.18,643.0,16.59,4931.0,16.6,556.0,52.4,39.0,52.44,22.0,16.21,53.0,16.22,224.0,24.4,49.0,24.42,234.0,68.26,4.0,68.61,4.0
2021-10-01 09:48:18.160642-04:00,34.56,54.0,34.6,3.0,18.17,1928.0,18.18,643.0,16.59,1850.0,16.6,2980.0,52.4,39.0,52.44,22.0,16.21,53.0,16.22,224.0,24.4,49.0,24.42,234.0,68.26,4.0,68.61,4.0
2021-10-01 09:48:18.160642-04:00,34.56,54.0,34.6,3.0,18.17,1928.0,18.18,643.0,16.59,1850.0,16.6,2980.0,52.4,39.0,52.44,22.0,16.2,2.0,16.21,211.0,24.4,49.0,24.42,234.0,68.26,4.0,68.61,4.0
2021-10-01 09:48:18.160642-04:00,34.56,54.0,34.6,3.0,18.15,1716.0,18.16,608.0,16.59,1850.0,16.6,2980.0,52.4,39.0,52.44,22.0,16.2,2.0,16.21,211.0,24.4,49.0,24.42,234.0,68.26,4.0,68.61,4.0
2021-10-01 09:48:18.160642-04:00,34.56,54.0,34.6,3.0,18.15,1716.0,18.16,608.0,16.59,1850.0,16.6,2980.0,52.4,39.0,52.44,22.0,16.2,2.0,16.21,211.0,24.4,49.0,24.42,234.0,68.26,5.0,68.61,4.0
2021-10-01 09:48:18.160642-04:00,34.56,54.0,34.6,3.0,18.15,1716.0,18.16,608.0,16.59,1850.0,16.6,2980.0,52.4,39.0,52.44,22.0,16.2,2.0,16.21,211.0,24.39,44.0,24.41,269.0,68.26,5.0,68.61,4.0
2021-10-01 09:48:18.160642-04:00,34.56,54.0,34.6,3.0,18.15,1716.0,18.16,608.0,16.59,1850.0,16.6,2980.0,52.46,3.0,52.5,74.0,16.2,2.0,16.21,211.0,24.39,44.0,24.41,269.0,68.26,5.0,68.61,4.0
2021-10-01 09:48:18.160642-04:00,34.56,54.0,34.6,3.0,18.15,1716.0,18.16,608.0,16.59,1850.0,16.6,2980.0,52.46,3.0,52.5,74.0,16.2,2.0,16.21,211.0,24.4,11.0,24.41,3.0,68.26,5.0,68.61,4.0
2021-10-01 09:48:28.189829-04:00,34.59,20.0,34.63,30.0,18.15,1716.0,18.16,608.0,16.59,1850.0,16.6,2980.0,52.46,3.0,52.5,74.0,16.2,2.0,16.21,211.0,24.4,11.0,24.41,3.0,68.26,5.0,68.61,4.0
2021-10-01 09:48:28.189829-04:00,34.59,20.0,34.63,30.0,18.16,1850.0,18.17,349.0,16.59,3235.0,16.6,2380.0,52.43,93.0,52.47,111.0,16.2,83.0,16.21,186.0,24.4,11.0,24.41,3.0,68.26,5.0,68.61,4.0
2021-10-01 09:48:37.945746-04:00,34.6,36.0,34.64,12.0,18.16,1850.0,18.17,349.0,16.59,3235.0,16.6,2380.0,52.43,93.0,52.47,111.0,16.2,83.0,16.21,186.0,24.4,11.0,24.41,3.0,68.26,5.0,68.61,4.0
2021-10-01 09:48:37.945746-04:00,34.6,36.0,34.64,12.0,18.16,1850.0,18.17,349.0,16.59,3321.0,16.6,736.0,52.43,93.0,52.47,111.0,16.2,83.0,16.21,186.0,24.4,11.0,24.41,3.0,68.26,5.0,68.61,4.0
2021-10-01 09:48:37.945746-04:00,34.6,36.0,34.64,12.0,18.16,1850.0,18.17,349.0,16.59,3321.0,16.6,736.0,52.43,93.0,52.47,111.0,16.2,71.0,16.22,218.0,24.4,11.0,24.41,3.0,68.26,5.0,68.61,4.0
2021-10-01 09:48:37.945746-04:00,34.6,36.0,34.64,12.0,18.17,701.0,18.18,721.0,16.59,3321.0,16.6,736.0,52.43,93.0,52.47,111.0,16.2,71.0,16.22,218.0,24.4,11.0,24.41,3.0,68.26,5.0,68.61,4.0
2021-10-01 09:48:37.945746-04:00,34.6,36.0,34.64,12.0,18.17,701.0,18.18,721.0,16.59,3321.0,16.6,736.0,52.43,93.0,52.47,111.0,16.2,71.0,16.22,218.0,24.4,55.0,24.41,3.0,68.26,5.0,68.61,4.0
2021-10-01 09:48:37.945746-04:00,34.6,36.0,34.64,12.0,18.17,701.0,18.18,721.0,16.59,3321.0,16.6,736.0,52.42,23.0,52.45,1.0,16.2,71.0,16.22,218.0,24.4,55.0,24.41,3.0,68.26,5.0,68.61,4.0
2021-10-01 09:48:46.971616-04:00,34.59,128.0,34.64,114.0,18.17,701.0,18.18,721.0,16.59,3321.0,16.6,736.0,52.42,23.0,52.45,1.0,16.2,71.0,16.22,218.0,24.4,55.0,24.41,3.0,68.26,5.0,68.61,4.0
2021-10-01 09:48:46.971616-04:00,34.59,128.0,34.64,114.0,18.17,701.0,18.18,721.0,16.59,3321.0,16.6,736.0,52.42,23.0,52.45,1.0,16.2,84.0,16.21,235.0,24.4,12.0,24.41,3.0,68.26,5.0,68.61,4.0
2021-10-01 09:48:46.971616-04:00,34.59,128.0,34.64,114.0,18.17,701.0,18.18,721.0,16.59,3321.0,16.6,736.0,52.43,3.0,52.47,90.0,16.2,84.0,16.21,235.0,24.4,12.0,24.41,3.0,68.26,5.0,68.61,4.0
2021-10-01 09:48:46.971616-04:00,34.59,128.0,34.64,114.0,18.17,701.0,18.18,721.0,16.59,3497.0,16.6,813.0,52.43,3.0,52.47,90.0,16.2,84.0,16.21,235.0,24.4,12.0,24.41,3.0,68.26,5.0,68.61,4.0
2021-10-01 09:48:46.971616-04:00,34.59,128.0,34.64,114.0,18.17,371.0,18.18,1755.0,16.59,3497.0,16.6,813.0,52.43,3.0,52.47,90.0,16.2,84.0,16.21,235.0,24.4,12.0,24.41,3.0,68.26,5.0,68.61,4.0
2021-10-01 09:48:56.951932-04:00,34.59,2.0,34.63,96.0,18.17,371.0,18.18,1755.0,16.59,3497.0,16.6,813.0,52.43,3.0,52.47,90.0,16.2,84.0,16.21,235.0,24.4,12.0,24.41,3.0,68.26,5.0,68.61,4.0
2021-10-01 09:48:56.951932-04:00,34.59,2.0,34.63,96.0,18.17,371.0,18.18,1755.0,16.59,2543.0,16.6,2448.0,52.43,3.0,52.47,90.0,16.2,84.0,16.21,235.0,24.4,12.0,24.41,3.0,68.26,5.0,68.61,4.0
2021-10-01 09:48:56.951932-04:00,34.59,2.0,34.63,96.0,18.17,371.0,18.18,1755.0,16.59,2543.0,16.6,2448.0,52.43,59.0,52.47,2.0,16.2,84.0,16.21,235.0,24.4,12.0,24.41,3.0,68.26,5.0,68.61,4.0
2021-10-01 09:48:56.951932-04:00,34.59,2.0,34.63,96.0,18.17,371.0,18.18,1755.0,16.59,2543.0,16.6,2448.0,52.43,59.0,52.47,2.0,16.2,84.0,16.21,70.0,24.4,12.0,24.41,3.0,68.26,5.0,68.61,4.0
2021-10-01 09:48:56.951932-04:00,34.59,2.0,34.63,96.0,18.16,1775.0,18.17,829.0,16.59,2543.0,16.6,2448.0,52.43,59.0,52.47,2.0,16.2,84.0,16.21,70.0,24.4,12.0,24.41,3.0,68.26,5.0,68.61,4.0
2021-10-01 09:48:56.951932-04:00,34.59,2.0,34.63,96.0,18.16,1775.0,18.17,829.0,16.59,2543.0,16.6,2448.0,52.43,59.0,52.47,2.0,16.2,86.0,16.21,209.0,24.4,12.0,24.41,3.0,68.26,5.0,68.61,4.0
2021-10-01 09:49:09.102446-04:00,34.6,4.0,34.63,2.0,18.16,1775.0,18.17,829.0,16.59,2543.0,16.6,2448.0,52.43,59.0,52.47,2.0,16.2,86.0,16.21,209.0,24.4,12.0,24.41,3.0,68.26,5.0,68.61,4.0
2021-10-01 09:49:09.102446-04:00,34.6,4.0,34.63,2.0,18.16,1775.0,18.17,829.0,16.59,3646.0,16.6,2327.0,52.43,59.0,52.47,2.0,16.2,86.0,16.21,209.0,24.4,12.0,24.41,3.0,68.26,5.0,68.61,4.0
2021-10-01 09:49:09.102446-04:00,34.6,4.0,34.63,2.0,18.17,364.0,18.18,2656.0,16.59,3646.0,16.6,2327.0,52.43,59.0,52.47,2.0,16.2,86.0,16.21,209.0,24.4,14.0,24.41,3.0,68.26,5.0,68.61,4.0
2021-10-01 09:49:09.102446-04:00,34.6,4.0,34.63,2.0,18.17,364.0,18.18,2656.0,16.59,3646.0,16.6,2327.0,52.43,3.0,52.47,75.0,16.2,86.0,16.21,209.0,24.4,14.0,24.41,3.0,68.26,5.0,68.61,4.0
2021-10-01 09:49:17.995668-04:00,34.55,2.0,34.59,103.0,18.17,364.0,18.18,2656.0,16.59,3646.0,16.6,2327.0,52.43,3.0,52.47,75.0,16.2,86.0,16.21,209.0,24.4,14.0,24.41,3.0,68.26,5.0,68.61,4.0
2021-10-01 09:49:17.995668-04:00,34.55,2.0,34.59,103.0,18.17,364.0,18.18,2656.0,16.59,52.0,16.6,2845.0,52.43,3.0,52.47,75.0,16.2,86.0,16.21,209.0,24.4,14.0,24.41,3.0,68.26,5.0,68.61,4.0
2021-10-01 09:49:17.995668-04:00,34.55,2.0,34.59,103.0,18.17,364.0,18.18,2656.0,16.59,52.0,16.6,2845.0,52.43,3.0,52.47,75.0,16.2,77.0,16.21,195.0,24.4,14.0,24.41,3.0,68.26,5.0,68.61,4.0
2021-10-01 09:49:17.995668-04:00,34.55,2.0,34.59,103.0,18.15,1901.0,18.16,1798.0,16.59,52.0,16.6,2845.0,52.43,3.0,52.47,75.0,16.2,77.0,16.21,195.0,24.4,14.0,24.41,3.0,68.26,5.0,68.61,4.0
2021-10-01 09:49:17.995668-04:00,34.55,2.0,34.59,103.0,18.15,1901.0,18.16,1798.0,16.59,52.0,16.6,2845.0,52.43,3.0,52.47,75.0,16.2,77.0,16.21,195.0,24.39,58.0,24.41,24.0,68.26,5.0,68.61,4.0
2021-10-01 09:49:17.995668-04:00,34.55,2.0,34.59,103.0,18.15,1901.0,18.16,1798.0,16.59,52.0,16.6,2845.0,52.47,113.0,52.51,2.0,16.2,77.0,16.21,195.0,24.39,58.0,24.41,24.0,68.26,5.0,68.61,4.0
2021-10-01 09:49:17.995668-04:00,34.55,2.0,34.59,103.0,18.15,1901.0,18.16,1798.0,16.59,52.0,16.6,2845.0,52.47,113.0,52.51,2.0,16.19,78.0,16.21,196.0,24.39,58.0,24.41,24.0,68.26,5.0,68.61,4.0
2021-10-01 09:49:28.021861-04:00,34.53,126.0,34.57,2.0,18.15,1901.0,18.16,1798.0,16.59,52.0,16.6,2845.0,52.47,113.0,52.51,2.0,16.19,78.0,16.21,196.0,24.39,58.0,24.41,24.0,68.26,5.0,68.61,4.0
2021-10-01 09:49:28.021861-04:00,34.53,126.0,34.57,2.0,18.15,1901.0,18.16,1798.0,16.58,2975.0,16.59,2624.0,52.47,113.0,52.51,2.0,16.19,78.0,16.21,196.0,24.39,58.0,24.41,24.0,68.26,5.0,68.61,4.0
2021-10-01 09:49:28.021861-04:00,34.53,126.0,34.57,2.0,18.15,533.0,18.16,3231.0,16.58,2975.0,16.59,2624.0,52.47,113.0,52.51,2.0,16.19,78.0,16.21,196.0,24.39,58.0,24.41,24.0,68.26,100.0,68.61,4.0
2021-10-01 09:49:28.021861-04:00,34.53,126.0,34.57,2.0,18.15,533.0,18.16,3231.0,16.58,2975.0,16.59,2624.0,52.49,3.0,52.53,55.0,16.19,78.0,16.21,196.0,24.39,55.0,24.41,212.0,68.26,100.0,68.61,4.0
2021-10-01 09:49:28.021861-04:00,34.53,126.0,34.57,2.0,18.15,533.0,18.16,3231.0,16.58,2975.0,16.59,2624.0,52.49,3.0,52.53,55.0,16.19,78.0,16.21,196.0,24.39,55.0,24.41,212.0,68.27,4.0,68.61,4.0
2021-10-01 09:49:38.043069-04:00,34.57,2.0,34.59,2.0,18.15,533.0,18.16,3231.0,16.58,2975.0,16.59,2624.0,52.49,3.0,52.53,55.0,16.19,78.0,16.21,196.0,24.39,55.0,24.41,212.0,68.27,4.0,68.61,4.0
2021-10-01 09:49:38.043069-04:00,34.57,2.0,34.59,2.0,18.15,533.0,18.16,3231.0,16.58,4034.0,16.59,448.0,52.49,3.0,52.53,55.0,16.19,78.0,16.21,196.0,24.39,55.0,24.41,212.0,68.27,4.0,68.61,4.0
2021-10-01 09:49:38.043069-04:00,34.57,2.0,34.59,2.0,18.15,1814.0,18.16,765.0,16.58,4034.0,16.59,448.0,52.49,3.0,52.53,55.0,16.19,78.0,16.21,196.0,24.39,55.0,24.41,212.0,68.27,4.0,68.61,4.0
2021-10-01 09:49:38.043069-04:00,34.57,2.0,34.59,2.0,18.15,1814.0,18.16,765.0,16.58,4034.0,16.59,448.0,52.49,3.0,52.53,55.0,16.19,78.0,16.21,196.0,24.39,57.0,24.41,250.0,68.27,4.0,68.61,4.0
2021-10-01 09:49:38.043069-04:00,34.57,2.0,34.59,2.0,18.15,1814.0,18.16,765.0,16.58,4034.0,16.59,448.0,52.47,30.0,52.51,73.0,16.19,78.0,16.21,196.0,24.39,57.0,24.41,250.0,68.27,4.0,68.61,4.0
2021-10-01 09:49:38.043069-04:00,34.57,2.0,34.59,2.0,18.15,1814.0,18.16,765.0,16.58,4034.0,16.59,448.0,52.47,30.0,52.51,73.0,16.19,78.0,16.21,196.0,24.39,57.0,24.41,229.0,68.27,4.0,68.61,4.0
2021-10-01 09:49:38.043069-04:00,34.57,2.0,34.59,2.0,18.15,1814.0,18.16,765.0,16.58,4034.0,16.59,448.0,52.47,30.0,52.51,73.0,16.19,78.0,16.21,196.0,24.39,57.0,24.41,229.0,68.27,5.0,68.61,4.0
2021-10-01 09:49:49.425802-04:00,34.57,1.0,34.59,20.0,18.15,1814.0,18.16,765.0,16.58,4034.0,16.59,448.0,52.47,30.0,52.51,73.0,16.19,78.0,16.21,196.0,24.39,57.0,24.41,229.0,68.27,5.0,68.61,4.0
2021-10-01 09:49:49.425802-04:00,34.57,1.0,34.59,20.0,18.15,1814.0,18.16,765.0,16.58,3588.0,16.59,888.0,52.47,30.0,52.51,73.0,16.19,78.0,16.21,196.0,24.39,57.0,24.41,229.0,68.27,5.0,68.61,4.0
2021-10-01 09:49:49.425802-04:00,34.57,1.0,34.59,20.0,18.15,1134.0,18.16,696.0,16.58,3588.0,16.59,888.0,52.47,30.0,52.51,73.0,16.19,78.0,16.21,196.0,24.39,57.0,24.41,229.0,68.27,5.0,68.61,4.0
2021-10-01 09:49:49.425802-04:00,34.57,1.0,34.59,20.0,18.15,1134.0,18.16,696.0,16.58,3588.0,16.59,888.0,52.47,2.0,52.51,75.0,16.19,78.0,16.21,196.0,24.39,57.0,24.41,229.0,68.27,5.0,68.61,4.0
2021-10-01 09:49:50.069970-04:00,34.57,1.0,34.59,20.0,18.15,1134.0,18.16,696.0,16.58,3588.0,16.59,888.0,52.47,2.0,52.51,75.0,16.19,78.0,16.21,196.0,24.39,57.0,24.41,250.0,68.27,5.0,68.61,4.0
2021-10-01 09:49:56.084085-04:00,34.57,1.0,34.59,20.0,18.15,1134.0,18.16,696.0,16.58,3588.0,16.59,888.0,52.47,2.0,52.51,75.0,16.19,78.0,16.21,196.0,24.39,57.0,24.41,250.0,68.28,4.0,68.61,4.0
2021-10-01 09:49:58.088482-04:00,34.55,2.0,34.58,13.0,18.15,1134.0,18.16,696.0,16.58,3588.0,16.59,888.0,52.47,2.0,52.51,75.0,16.19,78.0,16.21,196.0,24.39,57.0,24.41,250.0,68.28,4.0,68.61,4.0
2021-10-01 09:49:58.088482-04:00,34.55,2.0,34.58,13.0,18.15,1134.0,18.16,696.0,16.58,3778.0,16.59,2206.0,52.47,2.0,52.51,75.0,16.19,78.0,16.21,196.0,24.39,57.0,24.41,250.0,68.28,4.0,68.61,4.0
2021-10-01 09:49:58.088482-04:00,34.55,2.0,34.58,13.0,18.15,312.0,18.16,1658.0,16.58,3778.0,16.59,2206.0,52.48,13.0,52.52,92.0,16.19,78.0,16.21,197.0,24.39,57.0,24.41,250.0,68.28,4.0,68.61,4.0
2021-10-01 09:49:59.089552-04:00,34.55,2.0,34.58,13.0,18.15,312.0,18.16,1658.0,16.58,3778.0,16.59,2206.0,52.48,13.0,52.52,92.0,16.19,78.0,16.21,197.0,24.39,40.0,24.4,4.0,68.28,4.0,68.61,4.0
2021-10-01 09:49:59.089552-04:00,34.55,2.0,34.58,13.0,18.15,312.0,18.16,1658.0,16.58,3778.0,16.59,2206.0,52.48,13.0,52.52,92.0,16.19,88.0,16.2,115.0,24.39,40.0,24.4,4.0,68.28,4.0,68.61,4.0
2021-10-01 09:49:59.089552-04:00,34.55,2.0,34.58,13.0,18.15,312.0,18.16,1658.0,16.58,3778.0,16.59,2206.0,52.48,13.0,52.52,92.0,16.19,88.0,16.2,115.0,24.39,40.0,24.4,4.0,68.29,4.0,68.61,4.0
2021-10-01 09:50:08.114516-04:00,34.55,18.0,34.59,2.0,18.15,312.0,18.16,1658.0,16.58,3778.0,16.59,2206.0,52.48,13.0,52.52,92.0,16.19,88.0,16.2,115.0,24.39,40.0,24.4,4.0,68.29,4.0,68.61,4.0
2021-10-01 09:50:08.114516-04:00,34.55,18.0,34.59,2.0,18.15,1603.0,18.16,605.0,16.58,3778.0,16.59,2206.0,52.48,13.0,52.52,92.0,16.19,88.0,16.2,115.0,24.39,40.0,24.4,4.0,68.29,4.0,68.61,4.0
2021-10-01 09:50:08.114516-04:00,34.55,18.0,34.59,2.0,18.15,1603.0,18.16,605.0,16.58,3532.0,16.59,888.0,52.48,13.0,52.52,92.0,16.19,88.0,16.2,115.0,24.39,40.0,24.4,4.0,68.29,4.0,68.61,4.0
2021-10-01 09:50:08.114516-04:00,34.55,18.0,34.59,2.0,18.15,1603.0,18.16,605.0,16.58,3532.0,16.59,888.0,52.47,41.0,52.51,55.0,16.19,88.0,16.2,115.0,24.39,40.0,24.4,4.0,68.29,4.0,68.61,4.0
2021-10-01 09:50:08.114516-04:00,34.55,18.0,34.59,2.0,18.15,1603.0,18.16,605.0,16.58,3532.0,16.59,888.0,52.47,41.0,52.51,55.0,16.19,87.0,16.21,206.0,24.39,40.0,24.4,4.0,68.29,4.0,68.61,4.0
2021-10-01 09:50:08.114516-04:00,34.55,18.0,34.59,2.0,18.15,1603.0,18.16,605.0,16.58,3532.0,16.59,888.0,52.47,41.0,52.51,55.0,16.19,87.0,16.21,206.0,24.39,51.0,24.4,6.0,68.29,4.0,68.61,4.0
2021-10-01 09:50:08.114516-04:00,34.55,18.0,34.59,2.0,18.15,1603.0,18.16,605.0,16.58,3532.0,16.59,888.0,52.47,41.0,52.51,55.0,16.19,87.0,16.21,206.0,24.39,51.0,24.4,6.0,68.29,5.0,68.61,4.0
2021-10-01 09:50:18.137221-04:00,34.55,2.0,34.59,98.0,18.15,1603.0,18.16,605.0,16.58,3532.0,16.59,888.0,52.47,41.0,52.51,55.0,16.19,87.0,16.21,206.0,24.39,51.0,24.4,6.0,68.29,5.0,68.61,4.0
2021-10-01 09:50:18.137221-04:00,34.55,2.0,34.59,98.0,18.15,861.0,18.16,710.0,16.58,3532.0,16.59,888.0,52.47,41.0,52.51,55.0,16.19,87.0,16.21,206.0,24.39,51.0,24.4,6.0,68.29,5.0,68.61,4.0
2021-10-01 09:50:18.137221-04:00,34.55,2.0,34.59,98.0,18.15,861.0,18.16,710.0,16.58,3592.0,16.59,1202.0,52.47,41.0,52.51,55.0,16.19,87.0,16.21,206.0,24.39,51.0,24.4,6.0,68.29,5.0,68.61,4.0
2021-10-01 09:50:18.137221-04:00,34.55,2.0,34.59,98.0,18.15,861.0,18.16,710.0,16.58,3592.0,16.59,1202.0,52.47,80.0,52.51,21.0,16.19,87.0,16.21,206.0,24.39,51.0,24.4,6.0,68.29,5.0,68.61,4.0
2021-10-01 09:50:23.148735-04:00,34.55,2.0,34.59,98.0,18.15,861.0,18.16,710.0,16.58,3592.0,16.59,1202.0,52.47,80.0,52.51,21.0,16.19,87.0,16.21,206.0,24.39,51.0,24.4,6.0,68.29,4.0,68.61,4.0
2021-10-01 09:50:30.091218-04:00,34.58,2.0,34.62,38.0,18.16,1900.0,18.17,506.0,16.59,2561.0,16.6,2725.0,52.44,48.0,52.48,21.0,16.19,95.0,16.21,206.0,24.39,51.0,24.4,6.0,68.29,4.0,68.61,4.0
2021-10-01 09:50:30.092215-04:00,34.58,2.0,34.62,38.0,18.16,1900.0,18.17,506.0,16.59,2561.0,16.6,2725.0,52.44,48.0,52.48,21.0,16.2,9.0,16.21,204.0,24.39,51.0,24.4,6.0,68.29,4.0,68.61,4.0
2021-10-01 09:50:38.194133-04:00,34.58,2.0,34.62,65.0,18.16,1900.0,18.17,506.0,16.59,2561.0,16.6,2725.0,52.44,48.0,52.48,21.0,16.2,9.0,16.21,204.0,24.39,51.0,24.4,6.0,68.29,4.0,68.61,4.0
2021-10-01 09:50:38.194133-04:00,34.58,2.0,34.62,65.0,18.16,2114.0,18.17,520.0,16.59,2561.0,16.6,2725.0,52.44,48.0,52.48,21.0,16.2,9.0,16.21,204.0,24.39,51.0,24.4,6.0,68.29,4.0,68.61,4.0
