time,bid1,bid_size1,ask1,ask_size1,bid2,bid_size2,ask2,ask_size2,bid3,bid_size3,ask3,ask_size3,bid4,bid_size4,ask4,ask_size4,bid5,bid_size5,ask5,ask_size5,bid6,bid_size6,ask6,ask_size6,bid7,bid_size7,ask7,ask_size7
2021-09-29 09:30:05.084378-04:00,34.84,108.0,34.92,59.0,18.26,488.0,18.27,400.0,16.63,1482.0,16.64,31.0,52.14,59.0,52.2,72.0,16.28,60.0,16.3,288.0,24.46,47.0,24.48,12.0,67.92,4.0,68.35,60.0
2021-09-29 09:30:05.084378-04:00,34.84,108.0,34.92,59.0,18.26,734.0,18.27,400.0,16.63,1482.0,16.64,31.0,52.14,59.0,52.2,72.0,16.28,60.0,16.3,288.0,24.46,47.0,24.48,12.0,67.92,4.0,68.35,60.0
2021-09-29 09:30:09.314070-04:00,34.84,108.0,34.92,59.0,18.26,734.0,18.27,400.0,16.63,1505.0,16.64,269.0,52.14,59.0,52.2,72.0,16.28,60.0,16.3,288.0,24.46,47.0,24.48,12.0,67.92,4.0,68.35,60.0
2021-09-29 09:30:09.314070-04:00,34.84,108.0,34.92,59.0,18.26,1217.0,18.27,400.0,16.63,1505.0,16.64,269.0,52.14,59.0,52.2,72.0,16.28,60.0,16.3,288.0,24.46,47.0,24.48,12.0,67.92,4.0,68.35,60.0
2021-09-29 09:30:09.314070-04:00,34.84,108.0,34.92,59.0,18.26,369.0,18.27,400.0,16.63,1505.0,16.64,269.0,52.14,59.0,52.2,72.0,16.28,60.0,16.3,288.0,24.46,47.0,24.48,12.0,67.92,4.0,68.35,60.0
2021-09-29 09:30:25.303321-04:00,34.84,108.0,34.92,59.0,18.26,369.0,18.27,400.0,16.63,1482.0,16.64,150.0,52.14,59.0,52.2,72.0,16.28,60.0,16.3,288.0,24.46,47.0,24.48,12.0,67.92,4.0,68.35,60.0
2021-09-29 09:30:49.400893-04:00,34.85,108.0,34.92,59.0,18.26,369.0,18.27,400.0,16.64,654.0,16.65,1547.0,52.14,59.0,52.2,72.0,16.28,60.0,16.3,288.0,24.46,47.0,24.48,12.0,67.92,4.0,68.35,60.0
2021-09-29 09:30:49.400893-04:00,34.85,108.0,34.92,59.0,18.26,1227.0,18.28,608.0,16.64,654.0,16.65,1547.0,52.14,5.0,52.19,90.0,16.28,60.0,16.3,288.0,24.46,47.0,24.48,12.0,67.92,4.0,68.35,60.0
2021-09-29 09:30:49.400893-04:00,34.85,108.0,34.92,59.0,18.26,1227.0,18.28,608.0,16.64,654.0,16.65,1547.0,52.14,5.0,52.2,72.0,16.28,60.0,16.3,288.0,24.46,47.0,24.48,12.0,67.92,4.0,68.35,60.0
2021-09-29 09:30:54.298797-04:00,34.85,18.0,34.92,59.0,18.26,1227.0,18.28,608.0,16.64,654.0,16.65,1547.0,52.14,5.0,52.2,72.0,16.28,60.0,16.3,288.0,24.46,47.0,24.48,12.0,67.92,4.0,68.35,60.0
2021-09-29 09:30:54.298797-04:00,34.85,18.0,34.92,59.0,18.26,1227.0,18.28,608.0,16.64,150.0,16.65,1666.0,52.14,5.0,52.2,72.0,16.28,60.0,16.3,288.0,24.46,47.0,24.48,12.0,67.92,4.0,68.35,60.0
2021-09-29 09:30:54.298797-04:00,34.85,18.0,34.92,59.0,18.26,1227.0,18.28,608.0,16.64,150.0,16.65,1666.0,52.14,5.0,52.2,72.0,16.28,60.0,16.3,284.0,24.46,47.0,24.48,12.0,67.92,4.0,68.35,60.0
2021-09-29 09:30:54.298797-04:00,34.85,18.0,34.92,59.0,18.26,955.0,18.27,68.0,16.64,150.0,16.65,1666.0,52.14,5.0,52.2,72.0,16.28,60.0,16.3,284.0,24.46,47.0,24.48,12.0,67.92,4.0,68.35,60.0
2021-09-29 09:31:05.313351-04:00,34.85,108.0,34.92,23.0,18.26,955.0,18.27,68.0,16.64,150.0,16.65,1666.0,52.14,5.0,52.2,72.0,16.28,60.0,16.3,284.0,24.46,47.0,24.48,12.0,67.92,4.0,68.35,60.0
2021-09-29 09:31:05.313351-04:00,34.85,108.0,34.92,23.0,18.26,955.0,18.27,68.0,16.64,150.0,16.65,1666.0,52.13,18.0,52.19,90.0,16.28,60.0,16.3,284.0,24.46,47.0,24.48,12.0,67.92,4.0,68.35,60.0
2021-09-29 09:31:05.313351-04:00,34.85,108.0,34.92,23.0,18.26,955.0,18.27,68.0,16.64,916.0,16.65,1666.0,52.13,18.0,52.19,90.0,16.28,60.0,16.3,284.0,24.46,47.0,24.48,12.0,67.92,4.0,68.35,60.0
2021-09-29 09:31:05.313351-04:00,34.85,108.0,34.92,23.0,18.26,1099.0,18.28,553.0,16.64,916.0,16.65,1666.0,52.13,18.0,52.19,90.0,16.28,60.0,16.3,284.0,24.46,47.0,24.48,12.0,67.92,4.0,68.35,60.0
2021-09-29 09:31:05.313351-04:00,34.85,108.0,34.92,23.0,18.26,1099.0,18.28,553.0,16.64,916.0,16.65,1666.0,52.13,18.0,52.19,90.0,16.28,60.0,16.3,328.0,24.46,47.0,24.48,12.0,67.92,4.0,68.35,60.0
2021-09-29 09:31:12.364499-04:00,34.85,108.0,34.92,59.0,18.26,1099.0,18.28,553.0,16.64,916.0,16.65,1666.0,52.13,18.0,52.19,90.0,16.28,60.0,16.3,328.0,24.46,47.0,24.48,12.0,67.92,4.0,68.35,60.0
2021-09-29 09:31:12.364499-04:00,34.85,108.0,34.92,59.0,18.26,1099.0,18.28,553.0,16.64,282.0,16.65,1666.0,52.13,18.0,52.19,90.0,16.28,60.0,16.3,328.0,24.46,47.0,24.48,12.0,67.92,4.0,68.35,60.0
2021-09-29 09:31:12.364499-04:00,34.85,108.0,34.92,59.0,18.26,1048.0,18.27,122.0,16.64,282.0,16.65,1666.0,52.13,18.0,52.19,90.0,16.28,60.0,16.3,328.0,24.46,47.0,24.48,12.0,67.92,4.0,68.35,60.0
2021-09-29 09:31:12.364499-04:00,34.85,108.0,34.92,59.0,18.26,1048.0,18.27,122.0,16.64,282.0,16.65,1666.0,52.13,95.0,52.19,18.0,16.28,60.0,16.3,328.0,24.46,47.0,24.48,12.0,67.92,4.0,68.35,60.0
2021-09-29 09:31:12.364499-04:00,34.85,108.0,34.92,59.0,18.26,1048.0,18.27,122.0,16.64,282.0,16.65,1666.0,52.13,95.0,52.19,18.0,16.28,60.0,16.3,365.0,24.46,47.0,24.48,12.0,67.92,4.0,68.35,60.0
2021-09-29 09:31:22.338832-04:00,34.84,108.0,34.91,10.0,18.26,1048.0,18.27,122.0,16.64,282.0,16.65,1666.0,52.13,95.0,52.19,18.0,16.28,60.0,16.3,365.0,24.46,47.0,24.48,12.0,67.92,4.0,68.35,60.0
2021-09-29 09:31:22.338832-04:00,34.84,108.0,34.91,10.0,18.26,1048.0,18.27,122.0,16.63,1523.0,16.64,517.0,52.13,95.0,52.19,18.0,16.28,60.0,16.3,365.0,24.46,47.0,24.48,12.0,67.92,4.0,68.35,60.0
2021-09-29 09:31:22.338832-04:00,34.84,108.0,34.91,10.0,18.26,1048.0,18.27,122.0,16.63,1523.0,16.64,517.0,52.15,5.0,52.2,18.0,16.28,60.0,16.3,365.0,24.46,47.0,24.48,12.0,67.92,4.0,68.35,60.0
2021-09-29 09:31:22.338832-04:00,34.84,108.0,34.91,10.0,18.26,379.0,18.27,252.0,16.63,1523.0,16.64,517.0,52.15,5.0,52.2,18.0,16.28,60.0,16.3,365.0,24.46,47.0,24.48,12.0,67.92,4.0,68.35,60.0
2021-09-29 09:31:22.338832-04:00,34.84,108.0,34.91,10.0,18.26,379.0,18.27,252.0,16.63,1523.0,16.64,517.0,52.15,5.0,52.2,18.0,16.28,60.0,16.3,332.0,24.46,47.0,24.48,12.0,67.92,4.0,68.35,60.0
2021-09-29 09:31:22.338832-04:00,34.84,108.0,34.91,10.0,18.26,379.0,18.27,252.0,16.63,1523.0,16.64,517.0,52.13,90.0,52.2,90.0,16.28,60.0,16.3,332.0,24.46,47.0,24.48,12.0,67.92,4.0,68.35,60.0
2021-09-29 09:31:22.338832-04:00,34.84,108.0,34.91,10.0,18.26,379.0,18.27,252.0,16.64,511.0,16.65,1575.0,52.13,90.0,52.2,90.0,16.28,60.0,16.3,332.0,24.46,47.0,24.48,12.0,67.92,4.0,68.35,60.0
2021-09-29 09:31:36.358349-04:00,34.85,90.0,34.92,95.0,18.26,379.0,18.27,252.0,16.64,511.0,16.65,1575.0,52.13,90.0,52.2,90.0,16.28,60.0,16.3,332.0,24.46,47.0,24.48,12.0,67.92,4.0,68.35,60.0
2021-09-29 09:31:36.358349-04:00,34.85,90.0,34.92,95.0,18.26,527.0,18.27,122.0,16.64,511.0,16.65,1575.0,52.13,90.0,52.2,90.0,16.28,60.0,16.3,332.0,24.46,47.0,24.48,12.0,67.92,4.0,68.35,60.0
2021-09-29 09:31:36.358349-04:00,34.85,90.0,34.92,95.0,18.26,1314.0,18.27,68.0,16.64,511.0,16.65,1575.0,52.13,90.0,52.2,90.0,16.28,60.0,16.3,332.0,24.46,47.0,24.48,12.0,67.92,4.0,68.35,60.0
2021-09-29 09:31:43.043476-04:00,34.85,18.0,34.92,95.0,18.26,1314.0,18.27,68.0,16.64,257.0,16.65,1575.0,52.13,90.0,52.2,90.0,16.28,60.0,16.3,332.0,24.46,47.0,24.48,12.0,67.92,4.0,68.35,60.0
2021-09-29 09:31:43.043476-04:00,34.85,18.0,34.92,95.0,18.26,1314.0,18.27,68.0,16.64,199.0,16.65,1575.0,52.13,90.0,52.2,90.0,16.28,60.0,16.3,332.0,24.46,47.0,24.48,12.0,67.92,4.0,68.35,60.0
2021-09-29 09:31:49.376542-04:00,34.85,18.0,34.92,59.0,18.26,1314.0,18.27,68.0,16.64,199.0,16.65,1575.0,52.13,90.0,52.2,90.0,16.28,60.0,16.3,332.0,24.46,47.0,24.48,12.0,67.92,4.0,68.35,60.0
2021-09-29 09:31:49.376542-04:00,34.85,18.0,34.92,59.0,18.26,1307.0,18.27,14.0,16.64,199.0,16.65,1575.0,52.13,90.0,52.2,90.0,16.28,60.0,16.3,332.0,24.46,47.0,24.48,12.0,67.92,4.0,68.35,60.0
2021-09-29 09:31:49.376542-04:00,34.85,18.0,34.92,59.0,18.26,1307.0,18.27,14.0,16.64,270.0,16.65,1501.0,52.13,90.0,52.2,90.0,16.28,60.0,16.3,332.0,24.46,47.0,24.48,12.0,67.92,4.0,68.35,60.0
2021-09-29 09:31:49.376542-04:00,34.85,18.0,34.92,59.0,18.26,537.0,18.27,122.0,16.64,270.0,16.65,1501.0,52.13,90.0,52.2,90.0,16.28,60.0,16.3,332.0,24.46,47.0,24.48,12.0,67.92,4.0,68.35,60.0
2021-09-29 09:32:17.415576-04:00,34.84,108.0,34.92,59.0,18.26,537.0,18.27,122.0,16.64,270.0,16.65,1501.0,52.13,90.0,52.2,90.0,16.28,60.0,16.3,332.0,24.46,47.0,24.48,12.0,67.92,4.0,68.35,60.0
2021-09-29 09:32:17.415576-04:00,34.84,108.0,34.92,59.0,18.26,537.0,18.27,122.0,16.63,1440.0,16.65,1501.0,52.13,90.0,52.2,90.0,16.28,60.0,16.3,332.0,24.46,47.0,24.48,12.0,67.92,4.0,68.35,60.0
2021-09-29 09:32:17.415576-04:00,34.84,108.0,34.92,59.0,18.26,318.0,18.27,29.0,16.63,1440.0,16.65,1501.0,52.13,90.0,52.2,90.0,16.28,60.0,16.3,332.0,24.46,47.0,24.48,12.0,67.92,4.0,68.35,60.0
2021-09-29 09:32:17.415576-04:00,34.84,108.0,34.92,59.0,18.26,318.0,18.27,29.0,16.63,1495.0,16.64,183.0,52.13,90.0,52.2,90.0,16.28,60.0,16.3,332.0,24.46,47.0,24.48,12.0,67.92,4.0,68.35,60.0
2021-09-29 09:32:17.415576-04:00,34.84,108.0,34.92,59.0,18.26,264.0,18.27,137.0,16.63,1495.0,16.64,183.0,52.13,90.0,52.2,90.0,16.28,60.0,16.3,332.0,24.46,47.0,24.48,12.0,67.92,4.0,68.35,60.0
2021-09-29 09:32:17.415576-04:00,34.84,108.0,34.92,59.0,18.26,264.0,18.27,137.0,16.63,1495.0,16.64,183.0,52.13,90.0,52.2,90.0,16.28,60.0,16.3,332.0,24.46,47.0,24.48,45.0,67.92,4.0,68.35,60.0
2021-09-29 09:32:17.415576-04:00,34.84,108.0,34.92,59.0,18.26,264.0,18.27,137.0,16.63,1495.0,16.64,183.0,52.13,90.0,52.2,90.0,16.28,60.0,16.3,288.0,24.46,47.0,24.48,45.0,67.92,4.0,68.35,60.0
2021-09-29 09:32:17.415576-04:00,34.84,108.0,34.92,59.0,18.26,264.0,18.27,137.0,16.63,1471.0,16.64,1581.0,52.13,90.0,52.2,90.0,16.28,60.0,16.3,288.0,24.46,47.0,24.48,45.0,67.92,4.0,68.35,60.0
2021-09-29 09:32:38.398477-04:00,34.82,18.0,34.89,10.0,18.26,264.0,18.27,137.0,16.63,1471.0,16.64,1581.0,52.13,90.0,52.2,90.0,16.28,60.0,16.3,288.0,24.46,47.0,24.48,45.0,67.92,4.0,68.35,60.0
2021-09-29 09:32:38.398477-04:00,34.82,18.0,34.89,10.0,18.26,16.0,18.27,752.0,16.63,1471.0,16.64,1581.0,52.13,90.0,52.2,90.0,16.28,60.0,16.3,288.0,24.46,47.0,24.48,45.0,67.92,4.0,68.35,60.0
2021-09-29 09:32:38.398477-04:00,34.82,18.0,34.89,10.0,18.26,16.0,18.27,752.0,16.63,1471.0,16.64,1581.0,52.16,5.0,52.23,72.0,16.28,60.0,16.3,288.0,24.46,47.0,24.48,45.0,67.92,4.0,68.35,60.0
2021-09-29 09:32:38.398477-04:00,34.82,18.0,34.89,10.0,18.26,16.0,18.27,752.0,16.63,1471.0,16.64,1581.0,52.16,5.0,52.23,72.0,16.28,60.0,16.3,288.0,24.46,47.0,24.48,18.0,67.92,4.0,68.35,60.0
2021-09-29 09:32:38.398477-04:00,34.82,18.0,34.89,10.0,18.26,16.0,18.27,752.0,16.63,1471.0,16.64,1581.0,52.16,5.0,52.23,72.0,16.28,60.0,16.3,288.0,24.46,47.0,24.48,18.0,67.92,9.0,68.35,60.0
2021-09-29 09:32:50.276721-04:00,34.7,9.0,34.87,64.0,18.26,16.0,18.27,752.0,16.63,222.0,16.64,1819.0,52.16,5.0,52.23,72.0,16.28,60.0,16.3,288.0,24.46,47.0,24.48,18.0,67.92,9.0,68.35,60.0
2021-09-29 09:32:50.276721-04:00,34.7,9.0,34.87,64.0,18.24,824.0,18.26,600.0,16.63,222.0,16.64,1819.0,52.16,5.0,52.23,72.0,16.28,60.0,16.3,288.0,24.46,47.0,24.48,18.0,67.92,9.0,68.35,60.0
2021-09-29 09:32:50.276721-04:00,34.7,9.0,34.87,64.0,18.24,824.0,18.26,600.0,16.63,222.0,16.64,1819.0,52.18,46.0,52.27,54.0,16.28,60.0,16.3,288.0,24.46,47.0,24.48,18.0,67.92,9.0,68.35,60.0
2021-09-29 09:32:50.276721-04:00,34.7,9.0,34.87,64.0,18.24,824.0,18.26,600.0,16.63,222.0,16.64,1819.0,52.18,46.0,52.27,54.0,16.28,60.0,16.3,288.0,24.45,43.0,24.48,120.0,67.92,9.0,68.35,60.0
2021-09-29 09:32:50.276721-04:00,34.7,9.0,34.87,64.0,18.24,824.0,18.26,600.0,16.63,222.0,16.64,1819.0,52.18,46.0,52.27,54.0,16.27,53.0,16.29,274.0,24.45,43.0,24.48,120.0,67.92,9.0,68.35,60.0
2021-09-29 09:32:50.276721-04:00,34.7,9.0,34.87,64.0,18.24,824.0,18.26,600.0,16.63,222.0,16.64,1819.0,52.18,46.0,52.27,54.0,16.27,53.0,16.29,274.0,24.45,43.0,24.48,120.0,67.93,11.0,68.42,60.0
2021-09-29 09:32:50.276721-04:00,34.7,9.0,34.87,64.0,18.24,824.0,18.26,600.0,16.62,1039.0,16.63,1345.0,52.18,46.0,52.27,54.0,16.27,53.0,16.29,274.0,24.45,43.0,24.48,120.0,67.93,11.0,68.42,60.0
2021-09-29 09:32:50.276721-04:00,34.7,9.0,34.87,64.0,18.23,5.0,18.24,487.0,16.62,1039.0,16.63,1345.0,52.18,46.0,52.27,54.0,16.27,53.0,16.29,274.0,24.45,43.0,24.48,120.0,67.93,11.0,68.42,60.0
2021-09-29 09:32:58.333179-04:00,34.74,54.0,34.82,64.0,18.23,5.0,18.24,487.0,16.62,1039.0,16.63,1345.0,52.18,46.0,52.27,54.0,16.27,53.0,16.29,274.0,24.45,43.0,24.48,120.0,67.93,11.0,68.42,60.0
2021-09-29 09:32:58.333179-04:00,34.74,54.0,34.82,64.0,18.23,5.0,18.24,487.0,16.62,1039.0,16.63,1345.0,52.23,59.0,52.3,90.0,16.27,53.0,16.29,274.0,24.45,43.0,24.48,120.0,67.93,11.0,68.42,60.0
2021-09-29 09:32:58.333179-04:00,34.74,54.0,34.82,64.0,18.23,5.0,18.24,487.0,16.62,1039.0,16.63,1345.0,52.23,59.0,52.3,90.0,16.28,8.0,16.29,248.0,24.45,43.0,24.48,120.0,67.93,11.0,68.42,60.0
2021-09-29 09:32:58.333179-04:00,34.74,54.0,34.82,64.0,18.23,5.0,18.24,487.0,16.62,1039.0,16.63,1345.0,52.23,59.0,52.3,90.0,16.28,8.0,16.29,248.0,24.45,43.0,24.48,120.0,67.94,22.0,68.42,60.0
2021-09-29 09:32:58.333179-04:00,34.74,54.0,34.82,64.0,18.23,5.0,18.24,487.0,16.62,410.0,16.63,1464.0,52.23,59.0,52.3,90.0,16.28,8.0,16.29,248.0,24.45,43.0,24.48,120.0,67.94,22.0,68.42,60.0
2021-09-29 09:33:06.305867-04:00,34.71,18.0,34.8,94.0,18.23,5.0,18.24,487.0,16.62,410.0,16.63,1464.0,52.23,59.0,52.3,90.0,16.28,8.0,16.29,248.0,24.45,43.0,24.48,120.0,67.94,22.0,68.42,60.0
2021-09-29 09:33:06.305867-04:00,34.71,18.0,34.8,94.0,18.23,3.0,18.23,61.0,16.62,410.0,16.63,1464.0,52.23,59.0,52.3,90.0,16.28,8.0,16.29,248.0,24.45,43.0,24.48,120.0,67.94,22.0,68.42,60.0
2021-09-29 09:33:06.305867-04:00,34.71,18.0,34.8,94.0,18.23,3.0,18.23,61.0,16.62,410.0,16.63,1464.0,52.25,100.0,52.32,90.0,16.28,8.0,16.29,248.0,24.45,43.0,24.48,120.0,67.94,22.0,68.42,60.0
2021-09-29 09:33:06.305867-04:00,34.71,18.0,34.8,94.0,18.23,3.0,18.23,61.0,16.62,410.0,16.63,1464.0,52.25,100.0,52.32,90.0,16.28,8.0,16.29,248.0,24.45,43.0,24.48,120.0,67.94,2.0,68.42,60.0
2021-09-29 09:33:10.314150-04:00,34.74,54.0,34.8,4.0,18.23,3.0,18.23,61.0,16.62,410.0,16.63,1464.0,52.25,100.0,52.32,90.0,16.28,8.0,16.29,248.0,24.45,43.0,24.48,120.0,67.94,2.0,68.42,60.0
2021-09-29 09:33:10.314150-04:00,34.74,54.0,34.8,4.0,18.23,3.0,18.23,61.0,16.62,410.0,16.63,1464.0,52.25,5.0,52.3,90.0,16.28,8.0,16.29,248.0,24.45,43.0,24.48,120.0,67.94,2.0,68.42,60.0
2021-09-29 09:33:10.314150-04:00,34.74,54.0,34.8,4.0,18.23,8.0,18.24,573.0,16.62,410.0,16.63,1464.0,52.25,5.0,52.3,90.0,16.28,8.0,16.29,248.0,24.45,43.0,24.48,120.0,67.94,2.0,68.42,60.0
2021-09-29 09:33:10.314150-04:00,34.74,54.0,34.8,4.0,18.23,8.0,18.24,573.0,16.62,775.0,16.63,1464.0,52.25,5.0,52.3,90.0,16.28,8.0,16.29,248.0,24.45,43.0,24.48,120.0,67.94,2.0,68.42,60.0
2021-09-29 09:33:10.314150-04:00,34.74,54.0,34.8,4.0,18.23,8.0,18.24,573.0,16.62,775.0,16.63,1464.0,52.25,5.0,52.3,90.0,16.28,8.0,16.29,351.0,24.45,43.0,24.48,120.0,67.94,2.0,68.42,60.0
2021-09-29 09:33:10.314150-04:00,34.74,54.0,34.8,4.0,18.23,8.0,18.24,573.0,16.62,775.0,16.63,1464.0,52.25,5.0,52.3,90.0,16.27,54.0,16.29,172.0,24.45,43.0,24.48,120.0,67.94,2.0,68.42,60.0
2021-09-29 09:33:10.314150-04:00,34.74,54.0,34.8,4.0,18.23,8.0,18.24,573.0,16.62,383.0,16.63,1464.0,52.25,5.0,52.3,90.0,16.27,54.0,16.29,172.0,24.45,43.0,24.48,120.0,67.94,2.0,68.42,60.0
2021-09-29 09:33:25.335984-04:00,34.73,18.0,34.8,62.0,18.23,8.0,18.24,573.0,16.62,383.0,16.63,1464.0,52.25,5.0,52.3,90.0,16.27,54.0,16.29,172.0,24.45,43.0,24.48,120.0,67.94,2.0,68.42,60.0
2021-09-29 09:33:25.335984-04:00,34.73,18.0,34.8,62.0,18.23,3.0,18.23,89.0,16.62,383.0,16.63,1464.0,52.25,5.0,52.3,90.0,16.27,54.0,16.29,172.0,24.45,43.0,24.48,120.0,67.94,2.0,68.42,60.0
2021-09-29 09:33:25.335984-04:00,34.73,18.0,34.8,62.0,18.23,3.0,18.23,89.0,16.62,383.0,16.63,1464.0,52.25,46.0,52.32,90.0,16.27,54.0,16.29,172.0,24.45,43.0,24.48,120.0,67.94,2.0,68.42,60.0
2021-09-29 09:33:25.335984-04:00,34.73,18.0,34.8,62.0,18.23,3.0,18.23,89.0,16.62,383.0,16.63,1464.0,52.25,64.0,52.32,90.0,16.27,54.0,16.29,172.0,24.45,43.0,24.48,120.0,67.94,2.0,68.42,60.0
2021-09-29 09:33:25.335984-04:00,34.73,18.0,34.8,62.0,18.23,3.0,18.23,89.0,16.62,383.0,16.63,1464.0,52.25,64.0,52.32,90.0,16.28,13.0,16.29,258.0,24.45,43.0,24.48,120.0,67.94,7.0,68.42,60.0
2021-09-29 09:33:25.335984-04:00,34.73,18.0,34.8,62.0,18.23,3.0,18.23,89.0,16.62,668.0,16.63,1639.0,52.25,64.0,52.32,90.0,16.28,13.0,16.29,258.0,24.45,43.0,24.48,120.0,67.94,7.0,68.42,60.0
2021-09-29 09:33:25.335984-04:00,34.73,18.0,34.8,62.0,18.23,3.0,18.23,95.0,16.62,668.0,16.63,1639.0,52.25,64.0,52.32,90.0,16.28,13.0,16.29,258.0,24.45,43.0,24.48,120.0,67.94,7.0,68.42,60.0
2021-09-29 09:33:25.335984-04:00,34.73,18.0,34.8,62.0,18.23,3.0,18.23,95.0,16.62,668.0,16.63,1639.0,52.25,64.0,52.32,90.0,16.28,13.0,16.29,258.0,24.45,43.0,24.48,120.0,67.94,2.0,68.42,60.0
2021-09-29 09:33:25.335984-04:00,34.73,18.0,34.8,62.0,18.23,3.0,18.23,95.0,16.62,668.0,16.63,1639.0,52.24,100.0,52.3,72.0,16.28,13.0,16.29,258.0,24.45,43.0,24.48,120.0,67.94,2.0,68.42,60.0
2021-09-29 09:33:25.335984-04:00,34.73,18.0,34.8,62.0,18.23,3.0,18.23,95.0,16.62,1030.0,16.63,1639.0,52.24,100.0,52.3,72.0,16.28,13.0,16.29,258.0,24.45,43.0,24.48,120.0,67.94,2.0,68.42,60.0
2021-09-29 09:33:46.366758-04:00,34.74,54.0,34.81,26.0,18.23,3.0,18.23,95.0,16.62,1030.0,16.63,1639.0,52.24,100.0,52.3,72.0,16.28,13.0,16.29,258.0,24.45,43.0,24.48,120.0,67.94,2.0,68.42,60.0
2021-09-29 09:33:46.366758-04:00,34.74,54.0,34.81,26.0,18.23,8.0,18.24,579.0,16.62,1030.0,16.63,1639.0,52.24,100.0,52.3,72.0,16.28,13.0,16.29,258.0,24.45,43.0,24.48,120.0,67.94,2.0,68.42,60.0
2021-09-29 09:33:46.366758-04:00,34.74,54.0,34.81,26.0,18.23,8.0,18.24,579.0,16.62,1030.0,16.63,1639.0,52.24,100.0,52.3,72.0,16.27,51.0,16.29,104.0,24.45,43.0,24.48,120.0,67.94,2.0,68.42,60.0
2021-09-29 09:33:46.366758-04:00,34.74,54.0,34.81,26.0,18.23,8.0,18.24,579.0,16.62,1030.0,16.63,1639.0,52.24,100.0,52.3,72.0,16.27,54.0,16.29,71.0,24.45,43.0,24.48,120.0,67.94,2.0,68.42,60.0
2021-09-29 09:33:46.366758-04:00,34.74,54.0,34.81,26.0,18.23,8.0,18.24,579.0,16.62,1030.0,16.63,1639.0,52.25,10.0,52.31,90.0,16.27,54.0,16.29,71.0,24.45,43.0,24.48,120.0,67.94,2.0,68.42,60.0
2021-09-29 09:33:46.366758-04:00,34.74,54.0,34.81,26.0,18.23,8.0,18.24,579.0,16.62,1030.0,16.63,1639.0,52.25,10.0,52.31,90.0,16.27,54.0,16.29,71.0,24.45,43.0,24.48,120.0,67.94,7.0,68.42,60.0
2021-09-29 09:34:04.395556-04:00,34.73,72.0,34.8,4.0,18.23,8.0,18.24,579.0,16.62,1030.0,16.63,1639.0,52.25,10.0,52.31,90.0,16.27,54.0,16.29,71.0,24.45,43.0,24.48,120.0,67.94,7.0,68.42,60.0
2021-09-29 09:34:04.395556-04:00,34.73,72.0,34.8,4.0,18.23,8.0,18.24,639.0,16.62,1030.0,16.63,1639.0,52.25,10.0,52.31,90.0,16.27,54.0,16.29,71.0,24.45,43.0,24.48,120.0,67.94,7.0,68.42,60.0
2021-09-29 09:34:04.395556-04:00,34.73,72.0,34.8,4.0,18.23,8.0,18.24,639.0,16.62,999.0,16.63,1639.0,52.25,10.0,52.31,90.0,16.28,9.0,16.29,292.0,24.45,43.0,24.48,120.0,67.94,7.0,68.42,60.0
2021-09-29 09:34:04.395556-04:00,34.73,72.0,34.8,4.0,18.23,8.0,18.24,639.0,16.62,999.0,16.63,1639.0,52.25,10.0,52.31,90.0,16.27,49.0,16.29,344.0,24.45,43.0,24.48,120.0,67.94,7.0,68.42,60.0
2021-09-29 09:34:04.395556-04:00,34.73,72.0,34.8,4.0,18.23,8.0,18.24,639.0,16.62,999.0,16.63,1639.0,52.25,10.0,52.31,90.0,16.27,49.0,16.29,344.0,24.45,43.0,24.48,120.0,67.95,12.0,68.42,60.0
2021-09-29 09:34:04.395556-04:00,34.73,72.0,34.8,4.0,18.22,6.0,18.23,570.0,16.62,999.0,16.63,1639.0,52.25,10.0,52.31,90.0,16.27,49.0,16.29,344.0,24.45,43.0,24.48,120.0,67.95,12.0,68.42,60.0
2021-09-29 09:34:04.395556-04:00,34.73,72.0,34.8,4.0,18.22,6.0,18.23,570.0,16.62,999.0,16.63,1639.0,52.28,5.0,52.34,90.0,16.27,49.0,16.29,344.0,24.45,43.0,24.48,120.0,67.95,12.0,68.42,60.0
2021-09-29 09:34:04.395556-04:00,34.73,72.0,34.8,4.0,18.22,6.0,18.23,570.0,16.61,1397.0,16.62,714.0,52.28,5.0,52.34,90.0,16.27,49.0,16.29,344.0,24.45,43.0,24.48,120.0,67.95,12.0,68.42,60.0
2021-09-29 09:34:18.456962-04:00,34.71,18.0,34.77,4.0,18.22,6.0,18.23,570.0,16.61,1397.0,16.62,714.0,52.28,5.0,52.34,90.0,16.27,49.0,16.29,344.0,24.45,43.0,24.48,120.0,67.95,12.0,68.42,60.0
2021-09-29 09:34:18.456962-04:00,34.71,18.0,34.77,4.0,18.22,6.0,18.23,570.0,16.61,1397.0,16.62,714.0,52.28,5.0,52.34,90.0,16.27,49.0,16.29,344.0,24.45,43.0,24.48,120.0,67.96,27.0,68.42,60.0
2021-09-29 09:34:18.456962-04:00,34.71,18.0,34.77,4.0,18.22,6.0,18.23,457.0,16.61,1397.0,16.62,714.0,52.28,5.0,52.34,90.0,16.27,49.0,16.29,344.0,24.45,43.0,24.48,120.0,67.96,27.0,68.42,60.0
2021-09-29 09:34:18.456962-04:00,34.71,18.0,34.77,4.0,18.22,6.0,18.23,457.0,16.61,1397.0,16.62,714.0,52.28,5.0,52.34,90.0,16.27,49.0,16.29,338.0,24.45,43.0,24.48,120.0,67.96,27.0,68.42,60.0
2021-09-29 09:34:18.456962-04:00,34.71,18.0,34.77,4.0,18.22,6.0,18.23,457.0,16.61,1397.0,16.62,714.0,52.27,90.0,52.33,54.0,16.27,49.0,16.29,338.0,24.45,43.0,24.48,120.0,67.96,27.0,68.42,60.0
2021-09-29 09:34:18.456962-04:00,34.71,18.0,34.77,4.0,18.22,6.0,18.23,457.0,16.61,1278.0,16.62,466.0,52.27,90.0,52.33,54.0,16.27,49.0,16.29,338.0,24.45,43.0,24.48,120.0,67.96,27.0,68.42,60.0
2021-09-29 09:34:27.432961-04:00,34.71,36.0,34.78,36.0,18.22,6.0,18.23,457.0,16.61,1278.0,16.62,466.0,52.27,90.0,52.33,54.0,16.27,49.0,16.29,338.0,24.45,43.0,24.48,120.0,67.96,27.0,68.42,60.0
2021-09-29 09:34:27.432961-04:00,34.71,36.0,34.78,36.0,18.22,6.0,18.23,457.0,16.61,1278.0,16.62,466.0,52.27,90.0,52.33,54.0,16.27,49.0,16.29,338.0,24.45,43.0,24.48,120.0,67.96,12.0,68.42,60.0
2021-09-29 09:34:27.432961-04:00,34.71,36.0,34.78,36.0,18.22,6.0,18.23,457.0,16.61,1278.0,16.62,466.0,52.27,90.0,52.33,54.0,16.27,49.0,16.29,285.0,24.45,43.0,24.48,120.0,67.96,12.0,68.42,60.0
2021-09-29 09:34:37.448187-04:00,34.72,18.0,34.78,22.0,18.22,6.0,18.23,457.0,16.61,1278.0,16.62,466.0,52.27,40.0,52.33,90.0,16.27,49.0,16.29,285.0,24.45,43.0,24.48,120.0,67.96,12.0,68.42,60.0
2021-09-29 09:34:37.448187-04:00,34.72,18.0,34.78,22.0,18.22,6.0,18.23,457.0,16.61,914.0,16.62,632.0,52.27,40.0,52.33,90.0,16.27,49.0,16.29,285.0,24.45,43.0,24.48,120.0,67.96,12.0,68.42,60.0
2021-09-29 09:34:37.448187-04:00,34.72,18.0,34.78,22.0,18.22,6.0,18.23,619.0,16.61,914.0,16.62,632.0,52.27,40.0,52.33,90.0,16.27,49.0,16.29,285.0,24.45,43.0,24.48,120.0,67.96,12.0,68.42,60.0
2021-09-29 09:34:37.448187-04:00,34.72,18.0,34.78,22.0,18.22,6.0,18.23,619.0,16.61,914.0,16.62,632.0,52.27,8.0,52.33,90.0,16.27,49.0,16.29,383.0,24.45,43.0,24.48,120.0,67.97,1.0,68.42,60.0
2021-09-29 09:34:50.803479-04:00,34.71,72.0,34.78,8.0,18.22,6.0,18.23,619.0,16.61,914.0,16.62,632.0,52.27,8.0,52.33,90.0,16.27,49.0,16.29,383.0,24.45,43.0,24.48,120.0,67.97,1.0,68.42,60.0
2021-09-29 09:34:50.803479-04:00,34.71,72.0,34.78,8.0,18.22,6.0,18.23,619.0,16.61,1313.0,16.62,774.0,52.27,8.0,52.33,90.0,16.27,49.0,16.29,383.0,24.45,43.0,24.48,120.0,67.97,1.0,68.42,60.0
2021-09-29 09:34:50.803479-04:00,34.71,72.0,34.78,8.0,18.22,6.0,18.23,626.0,16.61,1313.0,16.62,774.0,52.27,8.0,52.33,90.0,16.27,49.0,16.29,383.0,24.45,43.0,24.48,120.0,67.97,1.0,68.42,60.0
2021-09-29 09:34:50.803479-04:00,34.71,72.0,34.78,8.0,18.22,6.0,18.23,626.0,16.61,1313.0,16.62,774.0,52.27,8.0,52.33,90.0,16.27,49.0,16.29,383.0,24.45,43.0,24.48,120.0,67.97,2.0,68.42,60.0
2021-09-29 09:34:50.803479-04:00,34.71,72.0,34.78,8.0,18.22,6.0,18.23,626.0,16.61,1313.0,16.62,774.0,52.27,8.0,52.33,90.0,16.27,49.0,16.29,383.0,24.45,43.0,24.47,6.0,67.97,2.0,68.42,60.0
2021-09-29 09:34:50.803479-04:00,34.71,72.0,34.78,8.0,18.22,6.0,18.23,626.0,16.61,1313.0,16.62,774.0,52.27,8.0,52.33,90.0,16.27,49.0,16.29,313.0,24.45,43.0,24.47,6.0,67.97,2.0,68.42,60.0
2021-09-29 09:34:50.803479-04:00,34.71,72.0,34.78,8.0,18.22,6.0,18.23,626.0,16.61,1313.0,16.62,774.0,52.28,4.0,52.33,18.0,16.27,49.0,16.29,313.0,24.45,43.0,24.47,6.0,67.97,2.0,68.42,60.0
2021-09-29 09:34:58.226634-04:00,34.71,54.0,34.77,4.0,18.22,6.0,18.23,626.0,16.61,1313.0,16.62,774.0,52.28,4.0,52.33,18.0,16.27,49.0,16.29,313.0,24.45,43.0,24.47,6.0,67.97,2.0,68.42,60.0
2021-09-29 09:34:58.226634-04:00,34.71,54.0,34.77,4.0,18.22,6.0,18.23,626.0,16.61,1347.0,16.62,515.0,52.28,4.0,52.33,18.0,16.27,49.0,16.29,313.0,24.45,43.0,24.47,6.0,67.97,2.0,68.42,60.0
2021-09-29 09:34:58.226634-04:00,34.71,54.0,34.77,4.0,18.21,615.0,18.23,737.0,16.61,1347.0,16.62,515.0,52.28,4.0,52.33,18.0,16.27,49.0,16.29,313.0,24.45,43.0,24.47,6.0,67.97,2.0,68.42,60.0
2021-09-29 09:34:58.226634-04:00,34.71,54.0,34.77,4.0,18.21,615.0,18.23,737.0,16.61,1347.0,16.62,515.0,52.27,98.0,52.33,18.0,16.27,49.0,16.29,313.0,24.45,43.0,24.47,6.0,67.97,2.0,68.42,60.0
2021-09-29 09:35:04.282442-04:00,34.71,18.0,34.78,98.0,18.21,615.0,18.23,737.0,16.61,1347.0,16.62,515.0,52.27,98.0,52.33,18.0,16.27,49.0,16.29,313.0,24.45,43.0,24.47,6.0,67.97,2.0,68.42,60.0
2021-09-29 09:35:04.282442-04:00,34.71,18.0,34.78,98.0,18.21,615.0,18.23,737.0,16.61,1347.0,16.62,515.0,52.27,98.0,52.33,18.0,16.27,49.0,16.29,324.0,24.45,43.0,24.47,6.0,67.97,2.0,68.42,60.0
2021-09-29 09:35:04.282442-04:00,34.71,18.0,34.78,98.0,18.21,615.0,18.23,737.0,16.61,1359.0,16.62,1328.0,52.27,98.0,52.33,18.0,16.27,49.0,16.29,324.0,24.45,43.0,24.47,6.0,67.97,2.0,68.42,60.0
2021-09-29 09:35:04.282442-04:00,34.71,18.0,34.78,98.0,18.21,288.0,18.23,471.0,16.61,1359.0,16.62,1328.0,52.27,98.0,52.33,18.0,16.27,49.0,16.29,324.0,24.45,43.0,24.47,6.0,67.97,2.0,68.42,60.0
2021-09-29 09:35:04.282442-04:00,34.71,18.0,34.78,98.0,18.21,288.0,18.23,471.0,16.61,1359.0,16.62,1330.0,52.27,98.0,52.33,18.0,16.27,49.0,16.29,324.0,24.45,43.0,24.47,6.0,67.97,2.0,68.42,60.0
2021-09-29 09:35:04.282442-04:00,34.71,18.0,34.78,98.0,18.21,290.0,18.23,471.0,16.61,1359.0,16.62,1330.0,52.27,98.0,52.33,18.0,16.27,49.0,16.29,324.0,24.45,43.0,24.47,6.0,67.97,2.0,68.42,60.0
2021-09-29 09:35:04.282442-04:00,34.71,18.0,34.78,98.0,18.21,544.0,18.23,471.0,16.61,1359.0,16.62,1330.0,52.27,98.0,52.33,18.0,16.27,49.0,16.29,324.0,24.45,43.0,24.47,6.0,67.97,2.0,68.42,60.0
2021-09-29 09:35:04.282442-04:00,34.71,18.0,34.78,98.0,18.21,544.0,18.23,471.0,16.61,1359.0,16.62,1201.0,52.27,98.0,52.33,18.0,16.27,49.0,16.29,324.0,24.45,43.0,24.47,6.0,67.97,2.0,68.42,60.0
2021-09-29 09:35:04.282442-04:00,34.71,18.0,34.78,98.0,18.21,544.0,18.23,471.0,16.61,1359.0,16.62,1201.0,52.27,98.0,52.33,18.0,16.27,49.0,16.29,320.0,24.45,43.0,24.47,6.0,67.97,2.0,68.42,60.0
2021-09-29 09:35:04.282442-04:00,34.71,18.0,34.78,98.0,18.21,544.0,18.23,471.0,16.61,1359.0,16.62,1201.0,52.29,3.0,52.34,18.0,16.27,49.0,16.29,320.0,24.45,43.0,24.47,6.0,67.97,2.0,68.42,60.0
2021-09-29 09:35:36.282884-04:00,34.7,36.0,34.76,3.0,18.21,544.0,18.23,471.0,16.61,1359.0,16.62,1201.0,52.29,3.0,52.34,18.0,16.27,49.0,16.29,320.0,24.45,43.0,24.47,6.0,67.97,2.0,68.42,60.0
2021-09-29 09:35:36.282884-04:00,34.7,36.0,34.76,3.0,18.21,544.0,18.23,471.0,16.61,1359.0,16.62,1327.0,52.29,3.0,52.34,18.0,16.27,49.0,16.29,320.0,24.45,43.0,24.47,6.0,67.97,2.0,68.42,60.0
2021-09-29 09:35:36.282884-04:00,34.7,36.0,34.76,3.0,18.21,290.0,18.22,128.0,16.61,1359.0,16.62,1327.0,52.29,3.0,52.34,18.0,16.27,49.0,16.29,320.0,24.45,43.0,24.47,6.0,67.97,2.0,68.42,60.0
2021-09-29 09:35:36.282884-04:00,34.7,36.0,34.76,3.0,18.21,290.0,18.22,128.0,16.61,1359.0,16.62,1327.0,52.29,3.0,52.34,18.0,16.27,49.0,16.29,333.0,24.45,43.0,24.47,6.0,67.97,2.0,68.42,60.0
2021-09-29 09:35:36.282884-04:00,34.7,36.0,34.76,3.0,18.21,290.0,18.22,128.0,16.61,1359.0,16.62,1313.0,52.29,3.0,52.34,18.0,16.27,49.0,16.29,333.0,24.45,43.0,24.47,6.0,67.97,2.0,68.42,60.0
2021-09-29 09:35:36.282884-04:00,34.7,36.0,34.76,3.0,18.21,290.0,18.22,128.0,16.61,1359.0,16.62,1313.0,52.29,75.0,52.35,90.0,16.27,49.0,16.29,333.0,24.45,43.0,24.47,6.0,67.97,2.0,68.42,60.0
2021-09-29 09:35:36.282884-04:00,34.7,36.0,34.76,3.0,18.21,289.0,18.22,259.0,16.61,1359.0,16.62,1313.0,52.29,75.0,52.35,90.0,16.27,49.0,16.29,333.0,24.45,43.0,24.47,6.0,67.97,2.0,68.42,60.0
2021-09-29 09:35:48.299851-04:00,34.7,18.0,34.76,39.0,18.21,289.0,18.22,259.0,16.61,1359.0,16.62,1313.0,52.29,75.0,52.35,90.0,16.27,49.0,16.29,333.0,24.45,43.0,24.47,6.0,67.97,2.0,68.42,60.0
2021-09-29 09:35:48.299851-04:00,34.7,18.0,34.76,39.0,18.21,289.0,18.22,259.0,16.61,1359.0,16.62,1313.0,52.29,75.0,52.35,90.0,16.27,49.0,16.29,111.0,24.45,43.0,24.47,6.0,67.97,2.0,68.42,60.0
2021-09-29 09:35:48.299851-04:00,34.7,18.0,34.76,39.0,18.21,289.0,18.22,259.0,16.61,1359.0,16.62,1392.0,52.29,75.0,52.35,90.0,16.27,49.0,16.29,111.0,24.45,43.0,24.47,6.0,67.97,2.0,68.42,60.0
2021-09-29 09:35:48.299851-04:00,34.7,18.0,34.76,39.0,18.21,325.0,18.22,259.0,16.61,1359.0,16.62,1392.0,52.29,75.0,52.35,90.0,16.27,49.0,16.29,111.0,24.45,43.0,24.47,6.0,67.97,2.0,68.42,60.0
2021-09-29 09:35:48.299851-04:00,34.7,18.0,34.76,39.0,18.21,325.0,18.22,259.0,16.61,1359.0,16.62,1392.0,52.29,75.0,52.35,90.0,16.27,49.0,16.29,111.0,24.45,43.0,24.47,6.0,67.97,7.0,68.42,60.0
2021-09-29 09:35:48.299851-04:00,34.7,18.0,34.76,39.0,18.21,325.0,18.22,259.0,16.61,797.0,16.62,1920.0,52.29,75.0,52.35,90.0,16.27,49.0,16.29,111.0,24.45,43.0,24.47,6.0,67.97,7.0,68.42,60.0
2021-09-29 09:35:48.299851-04:00,34.7,18.0,34.76,39.0,18.21,325.0,18.22,259.0,16.61,797.0,16.62,1920.0,52.29,75.0,52.35,90.0,16.27,51.0,16.29,264.0,24.45,43.0,24.47,6.0,67.97,7.0,68.42,60.0
2021-09-29 09:35:48.299851-04:00,34.7,18.0,34.76,39.0,18.21,325.0,18.22,259.0,16.61,797.0,16.62,1920.0,52.31,18.0,52.37,36.0,16.27,51.0,16.29,264.0,24.45,43.0,24.47,6.0,67.97,7.0,68.42,60.0
2021-09-29 09:36:06.327655-04:00,34.67,36.0,34.74,21.0,18.21,325.0,18.22,259.0,16.61,797.0,16.62,1920.0,52.31,18.0,52.37,36.0,16.27,51.0,16.29,264.0,24.45,43.0,24.47,6.0,67.97,7.0,68.42,60.0
2021-09-29 09:36:06.327655-04:00,34.67,36.0,34.74,21.0,18.21,8.0,18.22,446.0,16.61,797.0,16.62,1920.0,52.31,18.0,52.37,36.0,16.27,51.0,16.29,264.0,24.45,43.0,24.47,6.0,67.97,7.0,68.42,60.0
2021-09-29 09:36:06.327655-04:00,34.67,36.0,34.74,21.0,18.21,8.0,18.22,446.0,16.61,797.0,16.62,1874.0,52.31,18.0,52.37,36.0,16.27,51.0,16.29,264.0,24.45,43.0,24.47,6.0,67.97,7.0,68.42,60.0
2021-09-29 09:36:27.358426-04:00,34.67,54.0,34.74,54.0,18.21,8.0,18.22,446.0,16.61,797.0,16.62,1874.0,52.31,18.0,52.37,36.0,16.27,51.0,16.29,264.0,24.45,43.0,24.47,6.0,67.97,7.0,68.42,60.0
2021-09-29 09:36:27.358426-04:00,34.67,54.0,34.74,54.0,18.21,8.0,18.22,446.0,16.61,797.0,16.62,1874.0,52.31,54.0,52.37,54.0,16.27,51.0,16.29,264.0,24.45,43.0,24.47,6.0,67.97,7.0,68.42,60.0
2021-09-29 09:36:27.358426-04:00,34.67,54.0,34.74,54.0,18.21,8.0,18.22,441.0,16.61,797.0,16.62,1874.0,52.31,54.0,52.37,54.0,16.27,51.0,16.29,264.0,24.45,43.0,24.47,6.0,67.97,7.0,68.42,60.0
2021-09-29 09:36:27.358426-04:00,34.67,54.0,34.74,54.0,18.21,8.0,18.22,441.0,16.61,797.0,16.62,1874.0,52.31,54.0,52.37,54.0,16.27,51.0,16.29,264.0,24.45,43.0,24.47,6.0,67.97,2.0,68.42,60.0
2021-09-29 09:36:27.358426-04:00,34.67,54.0,34.74,54.0,18.21,40.0,18.22,399.0,16.61,797.0,16.62,1874.0,52.31,54.0,52.37,54.0,16.27,51.0,16.29,264.0,24.45,43.0,24.47,6.0,67.97,2.0,68.42,60.0
2021-09-29 09:36:27.358426-04:00,34.67,54.0,34.74,54.0,18.21,40.0,18.22,399.0,16.61,1193.0,16.62,1610.0,52.31,54.0,52.37,54.0,16.27,51.0,16.29,264.0,24.45,43.0,24.47,6.0,67.97,2.0,68.42,60.0
2021-09-29 09:36:27.358426-04:00,34.67,54.0,34.74,54.0,18.21,40.0,18.22,399.0,16.61,1193.0,16.62,1610.0,52.3,18.0,52.35,6.0,16.27,51.0,16.29,264.0,24.45,43.0,24.47,6.0,67.97,2.0,68.42,60.0
2021-09-29 09:36:38.376965-04:00,34.69,6.0,34.76,90.0,18.21,40.0,18.22,399.0,16.61,1193.0,16.62,1610.0,52.3,18.0,52.35,6.0,16.27,51.0,16.29,264.0,24.45,43.0,24.47,6.0,67.97,2.0,68.42,60.0
2021-09-29 09:36:38.376965-04:00,34.69,6.0,34.76,90.0,18.22,437.0,18.23,417.0,16.61,1193.0,16.62,1610.0,52.3,18.0,52.35,6.0,16.27,51.0,16.29,264.0,24.45,43.0,24.47,6.0,67.97,2.0,68.42,60.0
2021-09-29 09:36:38.376965-04:00,34.69,6.0,34.76,90.0,18.22,437.0,18.23,417.0,16.62,67.0,16.62,132.0,52.24,18.0,52.32,24.0,16.27,51.0,16.29,264.0,24.45,43.0,24.47,6.0,67.97,2.0,68.42,60.0
2021-09-29 09:36:51.574681-04:00,34.72,120.0,34.82,18.0,18.22,437.0,18.23,417.0,16.62,67.0,16.62,132.0,52.24,18.0,52.32,24.0,16.27,56.0,16.29,264.0,24.45,43.0,24.47,6.0,67.97,2.0,68.42,60.0
2021-09-29 09:36:51.574681-04:00,34.72,120.0,34.82,18.0,18.23,34.0,18.24,421.0,16.62,67.0,16.62,132.0,52.24,18.0,52.32,24.0,16.27,56.0,16.29,264.0,24.45,43.0,24.47,6.0,67.97,2.0,68.42,60.0
2021-09-29 09:36:51.574681-04:00,34.72,120.0,34.82,18.0,18.23,34.0,18.24,421.0,16.62,67.0,16.62,132.0,52.24,90.0,52.3,48.0,16.27,56.0,16.29,264.0,24.45,43.0,24.47,6.0,67.97,2.0,68.42,60.0
2021-09-29 09:36:51.574681-04:00,34.72,120.0,34.82,18.0,18.23,34.0,18.24,421.0,16.62,1208.0,16.63,673.0,52.24,90.0,52.3,48.0,16.27,56.0,16.29,264.0,24.45,43.0,24.47,6.0,67.97,2.0,68.42,60.0
2021-09-29 09:36:51.574681-04:00,34.72,120.0,34.82,18.0,18.23,34.0,18.24,421.0,16.62,1208.0,16.63,673.0,52.24,90.0,52.3,48.0,16.27,57.0,16.29,260.0,24.45,43.0,24.47,6.0,67.97,2.0,68.42,60.0
2021-09-29 09:36:58.446309-04:00,34.75,6.0,34.81,18.0,18.23,34.0,18.24,421.0,16.62,1208.0,16.63,673.0,52.24,90.0,52.3,48.0,16.27,57.0,16.29,260.0,24.45,43.0,24.47,6.0,67.97,2.0,68.42,60.0
2021-09-29 09:36:58.446309-04:00,34.75,6.0,34.81,18.0,18.23,34.0,18.24,421.0,16.62,1208.0,16.63,673.0,52.22,54.0,52.28,48.0,16.27,57.0,16.29,260.0,24.45,43.0,24.47,6.0,67.97,2.0,68.42,60.0
2021-09-29 09:36:58.446309-04:00,34.75,6.0,34.81,18.0,18.23,34.0,18.24,421.0,16.62,1340.0,16.63,446.0,52.22,54.0,52.28,48.0,16.27,57.0,16.29,260.0,24.45,43.0,24.47,6.0,67.97,2.0,68.42,60.0
2021-09-29 09:36:58.446309-04:00,34.75,6.0,34.81,18.0,18.23,34.0,18.24,421.0,16.62,1340.0,16.63,446.0,52.22,54.0,52.28,48.0,16.28,49.0,16.29,48.0,24.45,43.0,24.47,6.0,67.97,2.0,68.42,60.0
2021-09-29 09:37:05.039681-04:00,34.76,84.0,34.83,18.0,18.23,34.0,18.24,421.0,16.62,1340.0,16.63,446.0,52.22,54.0,52.28,48.0,16.28,49.0,16.29,48.0,24.45,43.0,24.47,6.0,67.97,2.0,68.42,60.0
2021-09-29 09:37:05.039681-04:00,34.76,84.0,34.83,18.0,18.23,1380.0,18.25,178.0,16.62,1340.0,16.63,446.0,52.22,54.0,52.28,48.0,16.28,49.0,16.29,48.0,24.46,41.0,24.48,120.0,67.97,2.0,68.42,60.0
2021-09-29 09:37:05.039681-04:00,34.76,84.0,34.83,18.0,18.23,1380.0,18.25,178.0,16.63,467.0,16.64,1242.0,52.22,54.0,52.28,48.0,16.28,49.0,16.29,48.0,24.46,41.0,24.48,120.0,67.97,2.0,68.42,60.0
2021-09-29 09:37:05.039681-04:00,34.76,84.0,34.83,18.0,18.23,1380.0,18.25,178.0,16.63,467.0,16.64,1242.0,52.22,54.0,52.28,48.0,16.28,45.0,16.29,4.0,24.46,41.0,24.48,120.0,67.97,2.0,68.42,60.0
2021-09-29 09:37:05.039681-04:00,34.76,84.0,34.83,18.0,18.23,1380.0,18.25,178.0,16.63,467.0,16.64,1242.0,52.2,90.0,52.26,106.0,16.28,45.0,16.29,4.0,24.46,41.0,24.48,120.0,67.97,2.0,68.42,60.0
2021-09-29 09:37:18.455813-04:00,34.79,9.0,34.85,18.0,18.23,1380.0,18.25,178.0,16.63,467.0,16.64,1242.0,52.2,90.0,52.26,106.0,16.28,45.0,16.29,4.0,24.46,41.0,24.48,120.0,67.97,2.0,68.42,60.0
2021-09-29 09:37:18.455813-04:00,34.79,9.0,34.85,18.0,18.23,1380.0,18.25,178.0,16.63,467.0,16.64,1242.0,52.2,90.0,52.26,106.0,16.28,45.0,16.29,4.0,24.46,35.0,24.48,120.0,67.97,2.0,68.42,60.0
2021-09-29 09:37:18.455813-04:00,34.79,9.0,34.85,18.0,18.24,1209.0,18.25,180.0,16.63,467.0,16.64,1242.0,52.2,90.0,52.26,106.0,16.28,45.0,16.29,4.0,24.46,35.0,24.48,120.0,67.97,2.0,68.42,60.0
2021-09-29 09:37:18.455813-04:00,34.79,9.0,34.85,18.0,18.24,1209.0,18.25,180.0,16.63,467.0,16.64,1242.0,52.2,90.0,52.26,106.0,16.28,62.0,16.29,4.0,24.46,35.0,24.48,120.0,67.97,2.0,68.42,60.0
2021-09-29 09:37:18.455813-04:00,34.79,9.0,34.85,18.0,18.24,1209.0,18.25,180.0,16.63,467.0,16.64,1242.0,52.2,90.0,52.26,106.0,16.28,62.0,16.29,4.0,24.46,47.0,24.48,120.0,67.97,2.0,68.42,60.0
2021-09-29 09:37:18.455813-04:00,34.79,9.0,34.85,18.0,18.23,8.0,18.24,463.0,16.63,467.0,16.64,1242.0,52.2,90.0,52.26,106.0,16.28,62.0,16.29,4.0,24.46,47.0,24.48,120.0,67.97,2.0,68.42,60.0
2021-09-29 09:37:18.455813-04:00,34.79,9.0,34.85,18.0,18.23,8.0,18.24,463.0,16.62,459.0,16.63,1603.0,52.2,90.0,52.26,106.0,16.28,62.0,16.29,4.0,24.46,47.0,24.48,120.0,67.97,2.0,68.42,60.0
2021-09-29 09:37:18.455813-04:00,34.79,9.0,34.85,18.0,18.23,8.0,18.24,463.0,16.62,459.0,16.63,1603.0,52.23,90.0,52.29,10.0,16.28,62.0,16.29,4.0,24.46,47.0,24.48,120.0,67.97,2.0,68.42,60.0
2021-09-29 09:37:28.362325-04:00,34.74,18.0,34.82,72.0,18.23,8.0,18.24,463.0,16.62,459.0,16.63,1603.0,52.23,90.0,52.29,10.0,16.28,62.0,16.29,4.0,24.46,47.0,24.48,120.0,67.97,2.0,68.42,60.0
2021-09-29 09:37:28.362325-04:00,34.74,18.0,34.82,72.0,18.23,35.0,18.24,536.0,16.62,459.0,16.63,1603.0,52.23,90.0,52.29,10.0,16.28,62.0,16.29,4.0,24.46,47.0,24.48,120.0,67.97,2.0,68.42,60.0
2021-09-29 09:37:28.362325-04:00,34.74,18.0,34.82,72.0,18.23,35.0,18.24,536.0,16.62,459.0,16.63,1603.0,52.24,90.0,52.29,10.0,16.28,62.0,16.29,4.0,24.46,47.0,24.48,120.0,67.97,2.0,68.42,60.0
2021-09-29 09:37:28.362325-04:00,34.74,18.0,34.82,72.0,18.23,35.0,18.24,536.0,16.62,459.0,16.63,1867.0,52.24,90.0,52.29,10.0,16.28,62.0,16.29,4.0,24.46,47.0,24.48,120.0,67.97,2.0,68.42,60.0
2021-09-29 09:37:31.855985-04:00,34.74,63.0,34.81,90.0,18.23,35.0,18.24,536.0,16.62,459.0,16.63,1867.0,52.24,90.0,52.29,10.0,16.28,62.0,16.29,4.0,24.46,47.0,24.48,120.0,67.97,2.0,68.42,60.0
2021-09-29 09:37:31.855985-04:00,34.74,63.0,34.81,90.0,18.23,35.0,18.24,476.0,16.62,459.0,16.63,1867.0,52.24,90.0,52.29,10.0,16.28,62.0,16.29,4.0,24.46,47.0,24.48,120.0,67.97,2.0,68.42,60.0
2021-09-29 09:37:31.855985-04:00,34.74,63.0,34.81,90.0,18.23,35.0,18.24,476.0,16.62,459.0,16.63,1603.0,52.24,90.0,52.29,10.0,16.28,62.0,16.29,4.0,24.46,47.0,24.48,120.0,67.97,2.0,68.42,60.0
2021-09-29 09:37:41.381517-04:00,34.74,63.0,34.81,18.0,18.23,35.0,18.24,476.0,16.62,459.0,16.63,1603.0,52.24,90.0,52.29,10.0,16.28,62.0,16.29,4.0,24.46,47.0,24.48,120.0,67.97,2.0,68.42,60.0
2021-09-29 09:37:41.381517-04:00,34.74,63.0,34.81,18.0,18.23,35.0,18.24,476.0,16.62,1370.0,16.63,1954.0,52.24,90.0,52.29,10.0,16.28,62.0,16.29,4.0,24.46,47.0,24.48,120.0,67.97,2.0,68.42,60.0
2021-09-29 09:37:41.381517-04:00,34.74,63.0,34.81,18.0,18.23,35.0,18.24,476.0,16.62,1370.0,16.63,1954.0,52.24,90.0,52.29,10.0,16.28,62.0,16.29,4.0,24.45,39.0,24.48,120.0,67.97,2.0,68.42,60.0
2021-09-29 09:37:58.613453-04:00,34.73,117.0,34.8,90.0,18.23,14.0,18.24,708.0,16.62,1370.0,16.63,1954.0,52.25,90.0,52.31,74.0,16.28,12.0,16.29,336.0,24.45,39.0,24.48,120.0,67.97,2.0,68.42,60.0
2021-09-29 09:37:58.613453-04:00,34.73,117.0,34.8,90.0,18.23,14.0,18.24,708.0,16.62,1370.0,16.63,1954.0,52.26,18.0,52.31,10.0,16.28,12.0,16.29,336.0,24.45,39.0,24.48,120.0,67.97,2.0,68.42,60.0
2021-09-29 09:38:07.329149-04:00,34.73,72.0,34.8,90.0,18.23,14.0,18.24,708.0,16.62,1370.0,16.63,1954.0,52.26,18.0,52.31,10.0,16.28,12.0,16.29,336.0,24.45,39.0,24.48,120.0,67.97,2.0,68.42,60.0
2021-09-29 09:38:07.329149-04:00,34.73,72.0,34.8,90.0,18.23,2.0,18.23,68.0,16.62,1370.0,16.63,1954.0,52.26,18.0,52.31,10.0,16.28,12.0,16.29,336.0,24.45,39.0,24.48,120.0,67.97,2.0,68.42,60.0
2021-09-29 09:38:07.329149-04:00,34.73,72.0,34.8,90.0,18.23,2.0,18.23,68.0,16.62,594.0,16.63,1954.0,52.26,18.0,52.31,10.0,16.28,9.0,16.29,301.0,24.45,39.0,24.48,120.0,67.97,2.0,68.42,60.0
2021-09-29 09:38:07.329149-04:00,34.73,72.0,34.8,90.0,18.23,2.0,18.23,68.0,16.62,594.0,16.63,1954.0,52.26,18.0,52.31,10.0,16.28,9.0,16.29,301.0,24.45,39.0,24.48,120.0,67.97,1.0,68.36,24.0
2021-09-29 09:38:07.329149-04:00,34.73,72.0,34.8,90.0,18.23,2.0,18.23,68.0,16.62,594.0,16.63,1954.0,52.26,18.0,52.31,10.0,16.28,9.0,16.29,228.0,24.45,39.0,24.48,120.0,67.97,1.0,68.36,24.0
2021-09-29 09:38:07.329149-04:00,34.73,72.0,34.8,90.0,18.23,2.0,18.23,68.0,16.62,594.0,16.63,1954.0,52.25,90.0,52.31,56.0,16.28,9.0,16.29,228.0,24.45,39.0,24.48,120.0,67.97,1.0,68.36,24.0
2021-09-29 09:38:07.329149-04:00,34.73,72.0,34.8,90.0,18.23,2.0,18.23,68.0,16.62,1201.0,16.63,2105.0,52.25,90.0,52.31,56.0,16.28,9.0,16.29,228.0,24.45,39.0,24.48,120.0,67.97,1.0,68.36,24.0
2021-09-29 09:38:16.344042-04:00,34.73,81.0,34.8,90.0,18.23,2.0,18.23,68.0,16.62,1201.0,16.63,2105.0,52.25,90.0,52.31,56.0,16.28,9.0,16.29,228.0,24.45,39.0,24.48,120.0,67.97,1.0,68.36,24.0
2021-09-29 09:38:16.344042-04:00,34.73,81.0,34.8,90.0,18.23,14.0,18.24,782.0,16.62,1201.0,16.63,2105.0,52.25,90.0,52.31,56.0,16.28,9.0,16.29,228.0,24.45,39.0,24.48,120.0,67.97,1.0,68.36,24.0
2021-09-29 09:38:16.344042-04:00,34.73,81.0,34.8,90.0,18.23,2.0,18.24,739.0,16.62,1201.0,16.63,2105.0,52.25,90.0,52.31,56.0,16.28,9.0,16.29,228.0,24.45,39.0,24.48,120.0,67.97,1.0,68.36,24.0
2021-09-29 09:38:16.344042-04:00,34.73,81.0,34.8,90.0,18.23,2.0,18.24,739.0,16.62,1201.0,16.63,2105.0,52.25,90.0,52.31,56.0,16.28,23.0,16.29,48.0,24.45,39.0,24.48,120.0,67.97,1.0,68.36,24.0
2021-09-29 09:38:16.344042-04:00,34.73,81.0,34.8,90.0,18.23,2.0,18.24,739.0,16.62,1201.0,16.63,2105.0,52.26,18.0,52.33,36.0,16.28,23.0,16.29,48.0,24.45,39.0,24.48,120.0,67.97,1.0,68.36,24.0
2021-09-29 09:38:16.344042-04:00,34.73,81.0,34.8,90.0,18.23,2.0,18.24,739.0,16.62,388.0,16.63,1954.0,52.26,18.0,52.33,36.0,16.28,23.0,16.29,48.0,24.45,39.0,24.48,120.0,67.97,1.0,68.36,24.0
2021-09-29 09:38:28.405793-04:00,34.72,18.0,34.8,90.0,18.23,2.0,18.24,739.0,16.62,388.0,16.63,1954.0,52.26,18.0,52.33,36.0,16.28,23.0,16.29,48.0,24.45,39.0,24.48,120.0,67.97,1.0,68.36,24.0
2021-09-29 09:38:28.405793-04:00,34.72,18.0,34.8,90.0,18.23,2.0,18.24,739.0,16.62,388.0,16.63,1954.0,52.26,18.0,52.33,36.0,16.28,23.0,16.29,48.0,24.45,40.0,24.48,120.0,67.97,1.0,68.36,24.0
2021-09-29 09:38:28.405793-04:00,34.72,18.0,34.8,90.0,18.23,2.0,18.23,76.0,16.62,388.0,16.63,1954.0,52.26,18.0,52.33,36.0,16.28,23.0,16.29,48.0,24.45,40.0,24.48,120.0,67.97,1.0,68.36,24.0
2021-09-29 09:38:28.405793-04:00,34.72,18.0,34.8,90.0,18.23,2.0,18.23,76.0,16.62,388.0,16.63,1954.0,52.26,18.0,52.33,36.0,16.28,23.0,16.29,48.0,24.46,8.0,24.48,120.0,67.97,1.0,68.36,24.0
2021-09-29 09:38:28.405793-04:00,34.72,18.0,34.8,90.0,18.23,2.0,18.23,76.0,16.62,388.0,16.63,1954.0,52.26,18.0,52.33,36.0,16.28,13.0,16.29,166.0,24.46,8.0,24.48,120.0,67.97,1.0,68.36,24.0
2021-09-29 09:38:38.910707-04:00,34.71,36.0,34.78,90.0,18.23,2.0,18.23,76.0,16.62,60.0,16.63,2267.0,52.27,90.0,52.33,64.0,16.28,13.0,16.29,166.0,24.46,8.0,24.48,120.0,67.97,1.0,68.36,24.0
2021-09-29 09:38:38.910707-04:00,34.71,36.0,34.78,90.0,18.23,2.0,18.23,76.0,16.61,1249.0,16.62,453.0,52.27,90.0,52.33,64.0,16.28,13.0,16.29,166.0,24.46,8.0,24.48,120.0,67.97,1.0,68.36,24.0
2021-09-29 09:38:38.910707-04:00,34.71,36.0,34.78,90.0,18.23,2.0,18.23,44.0,16.61,1249.0,16.62,453.0,52.27,90.0,52.33,64.0,16.28,13.0,16.29,166.0,24.46,8.0,24.48,120.0,67.97,1.0,68.36,24.0
2021-09-29 09:38:38.910707-04:00,34.71,36.0,34.78,90.0,18.23,2.0,18.23,44.0,16.61,1249.0,16.62,453.0,52.27,90.0,52.33,64.0,16.28,13.0,16.29,166.0,24.46,57.0,24.48,120.0,67.97,1.0,68.36,24.0
2021-09-29 09:38:38.910707-04:00,34.71,36.0,34.78,90.0,18.23,2.0,18.23,44.0,16.61,1249.0,16.62,453.0,52.27,90.0,52.33,64.0,16.28,57.0,16.29,4.0,24.46,57.0,24.48,120.0,67.97,1.0,68.36,24.0
2021-09-29 09:38:57.270620-04:00,34.74,75.0,34.81,18.0,18.23,2.0,18.23,44.0,16.61,1249.0,16.62,453.0,52.27,90.0,52.33,64.0,16.28,57.0,16.29,4.0,24.46,57.0,24.48,120.0,67.97,1.0,68.36,24.0
2021-09-29 09:38:57.270620-04:00,34.74,75.0,34.81,18.0,18.23,72.0,18.24,498.0,16.61,1249.0,16.62,453.0,52.27,90.0,52.33,64.0,16.28,57.0,16.29,4.0,24.46,57.0,24.48,120.0,67.97,1.0,68.36,24.0
2021-09-29 09:38:57.270620-04:00,34.74,75.0,34.81,18.0,18.23,72.0,18.24,498.0,16.61,1249.0,16.62,453.0,52.24,18.0,52.3,94.0,16.28,57.0,16.29,4.0,24.46,57.0,24.48,120.0,67.97,1.0,68.36,24.0
2021-09-29 09:38:57.270620-04:00,34.74,75.0,34.81,18.0,18.23,72.0,18.24,498.0,16.62,1549.0,16.63,1913.0,52.24,18.0,52.3,94.0,16.28,57.0,16.29,4.0,24.46,57.0,24.48,120.0,67.97,1.0,68.36,24.0
2021-09-29 09:39:00.275586-04:00,34.71,36.0,34.78,102.0,18.23,72.0,18.24,498.0,16.62,1549.0,16.63,1913.0,52.24,18.0,52.3,94.0,16.28,57.0,16.29,4.0,24.46,57.0,24.48,120.0,67.97,1.0,68.36,24.0
2021-09-29 09:39:00.275586-04:00,34.71,36.0,34.78,102.0,18.23,72.0,18.24,498.0,16.62,1549.0,16.63,1913.0,52.27,96.0,52.35,18.0,16.28,57.0,16.29,4.0,24.46,57.0,24.48,120.0,67.97,1.0,68.36,24.0
2021-09-29 09:39:00.275586-04:00,34.71,36.0,34.78,102.0,18.22,60.0,18.23,361.0,16.62,1549.0,16.63,1913.0,52.27,96.0,52.35,18.0,16.28,57.0,16.29,4.0,24.46,57.0,24.48,120.0,67.97,1.0,68.36,24.0
2021-09-29 09:39:00.275586-04:00,34.71,36.0,34.78,102.0,18.22,60.0,18.23,361.0,16.62,49.0,16.62,189.0,52.27,96.0,52.35,18.0,16.28,57.0,16.29,4.0,24.46,57.0,24.48,120.0,67.97,1.0,68.36,24.0
2021-09-29 09:39:15.298422-04:00,34.72,54.0,34.79,90.0,18.22,60.0,18.23,361.0,16.62,49.0,16.62,189.0,52.27,96.0,52.35,18.0,16.28,57.0,16.29,4.0,24.46,57.0,24.48,120.0,67.97,1.0,68.36,24.0
2021-09-29 09:39:15.298422-04:00,34.72,54.0,34.79,90.0,18.22,445.0,18.23,280.0,16.62,49.0,16.62,189.0,52.27,96.0,52.35,18.0,16.28,57.0,16.29,4.0,24.46,57.0,24.48,120.0,67.97,1.0,68.36,24.0
2021-09-29 09:39:15.298422-04:00,34.72,54.0,34.79,90.0,18.22,445.0,18.23,280.0,16.62,49.0,16.62,189.0,52.27,96.0,52.35,18.0,16.28,57.0,16.29,4.0,24.46,51.0,24.48,120.0,67.97,1.0,68.36,24.0
2021-09-29 09:39:15.298422-04:00,34.72,54.0,34.79,90.0,18.22,445.0,18.23,280.0,16.62,49.0,16.62,189.0,52.27,96.0,52.35,18.0,16.28,59.0,16.29,52.0,24.46,51.0,24.48,120.0,67.97,1.0,68.36,24.0
2021-09-29 09:39:15.298422-04:00,34.72,54.0,34.79,90.0,18.22,445.0,18.23,280.0,16.62,49.0,16.62,189.0,52.26,90.0,52.33,18.0,16.28,59.0,16.29,52.0,24.46,51.0,24.48,120.0,67.97,1.0,68.36,24.0
2021-09-29 09:39:15.298422-04:00,34.72,54.0,34.79,90.0,18.22,445.0,18.23,280.0,16.62,755.0,16.63,1922.0,52.26,90.0,52.33,18.0,16.28,59.0,16.29,52.0,24.46,51.0,24.48,120.0,67.97,1.0,68.36,24.0
2021-09-29 09:39:15.298422-04:00,34.72,54.0,34.79,90.0,18.22,445.0,18.23,280.0,16.62,755.0,16.63,1922.0,52.26,90.0,52.33,54.0,16.28,59.0,16.29,52.0,24.46,51.0,24.48,120.0,67.97,1.0,68.36,24.0
2021-09-29 09:39:15.298422-04:00,34.72,54.0,34.79,90.0,18.22,445.0,18.23,645.0,16.62,755.0,16.63,1922.0,52.26,90.0,52.33,54.0,16.28,59.0,16.29,52.0,24.46,39.0,24.48,120.0,67.97,1.0,68.36,24.0
2021-09-29 09:39:15.298422-04:00,34.72,54.0,34.79,90.0,18.22,445.0,18.23,645.0,16.62,755.0,16.63,1922.0,52.26,90.0,52.33,54.0,16.28,61.0,16.29,65.0,24.46,39.0,24.48,120.0,67.97,1.0,68.36,24.0
2021-09-29 09:39:15.298422-04:00,34.72,54.0,34.79,90.0,18.22,445.0,18.23,645.0,16.62,804.0,16.63,1934.0,52.26,90.0,52.33,54.0,16.28,61.0,16.29,65.0,24.46,39.0,24.48,120.0,67.97,1.0,68.36,24.0
2021-09-29 09:39:27.317288-04:00,34.72,36.0,34.79,90.0,18.22,445.0,18.23,645.0,16.62,804.0,16.63,1934.0,52.26,90.0,52.33,54.0,16.28,61.0,16.29,65.0,24.46,39.0,24.48,120.0,67.97,1.0,68.36,24.0
2021-09-29 09:39:27.317288-04:00,34.72,36.0,34.79,90.0,18.23,2.0,18.24,717.0,16.62,804.0,16.63,1934.0,52.26,90.0,52.33,54.0,16.28,61.0,16.29,65.0,24.46,39.0,24.48,120.0,67.97,1.0,68.36,24.0
2021-09-29 09:39:27.317288-04:00,34.72,36.0,34.79,90.0,18.23,2.0,18.24,717.0,16.62,804.0,16.63,1934.0,52.26,90.0,52.33,54.0,16.28,69.0,16.29,52.0,24.46,65.0,24.48,120.0,67.97,1.0,68.36,24.0
2021-09-29 09:39:27.317288-04:00,34.72,36.0,34.79,90.0,18.23,2.0,18.24,717.0,16.62,804.0,16.63,1934.0,52.25,102.0,52.31,90.0,16.28,69.0,16.29,52.0,24.46,65.0,24.48,120.0,67.97,1.0,68.36,24.0
2021-09-29 09:39:37.334507-04:00,34.73,54.0,34.8,102.0,18.23,2.0,18.24,717.0,16.62,804.0,16.63,1934.0,52.25,102.0,52.31,90.0,16.28,69.0,16.29,52.0,24.46,65.0,24.48,120.0,67.97,1.0,68.36,24.0
2021-09-29 09:39:37.334507-04:00,34.73,54.0,34.8,102.0,18.23,2.0,18.24,717.0,16.62,1468.0,16.63,2061.0,52.25,102.0,52.31,90.0,16.28,69.0,16.29,52.0,24.46,65.0,24.48,120.0,67.97,1.0,68.36,24.0
2021-09-29 09:39:37.334507-04:00,34.73,54.0,34.8,102.0,18.23,2.0,18.24,717.0,16.62,1468.0,16.63,2061.0,52.25,102.0,52.31,90.0,16.28,69.0,16.29,52.0,24.46,65.0,24.48,120.0,67.97,1.0,68.35,24.0
2021-09-29 09:39:37.334507-04:00,34.73,54.0,34.8,102.0,18.23,2.0,18.24,717.0,16.62,1468.0,16.63,2061.0,52.25,102.0,52.31,90.0,16.28,69.0,16.29,52.0,24.46,55.0,24.48,120.0,67.97,1.0,68.35,24.0
2021-09-29 09:39:37.334507-04:00,34.73,54.0,34.8,102.0,18.22,443.0,18.23,269.0,16.62,1468.0,16.63,2061.0,52.27,6.0,52.37,18.0,16.28,69.0,16.29,52.0,24.46,55.0,24.48,120.0,67.97,1.0,68.35,24.0
2021-09-29 09:39:47.350725-04:00,34.72,18.0,34.78,6.0,18.22,443.0,18.23,269.0,16.62,1468.0,16.63,2061.0,52.27,6.0,52.37,18.0,16.28,64.0,16.29,54.0,24.46,55.0,24.48,120.0,67.97,1.0,68.35,24.0
2021-09-29 09:39:47.350725-04:00,34.72,18.0,34.78,6.0,18.22,443.0,18.23,269.0,16.62,643.0,16.63,1910.0,52.27,6.0,52.37,18.0,16.28,64.0,16.29,54.0,24.46,55.0,24.48,120.0,67.97,1.0,68.35,24.0
2021-09-29 09:39:47.350725-04:00,34.72,18.0,34.78,6.0,18.22,443.0,18.23,269.0,16.62,643.0,16.63,1910.0,52.27,6.0,52.37,18.0,16.28,64.0,16.29,54.0,24.46,55.0,24.48,120.0,67.97,1.0,68.36,24.0
2021-09-29 09:39:47.350725-04:00,34.72,18.0,34.78,6.0,18.22,443.0,18.23,635.0,16.62,643.0,16.63,1910.0,52.27,42.0,52.37,18.0,16.27,55.0,16.29,293.0,24.45,64.0,24.48,120.0,67.97,1.0,68.36,24.0
2021-09-29 09:39:47.350725-04:00,34.72,18.0,34.78,6.0,18.22,443.0,18.23,635.0,16.62,630.0,16.63,1958.0,52.27,42.0,52.37,18.0,16.27,55.0,16.29,293.0,24.45,64.0,24.48,120.0,67.97,1.0,68.36,24.0
2021-09-29 09:39:47.350725-04:00,34.72,18.0,34.78,6.0,18.22,443.0,18.23,635.0,16.62,630.0,16.63,1958.0,52.27,42.0,52.37,18.0,16.27,55.0,16.29,293.0,24.46,12.0,24.48,120.0,67.97,1.0,68.36,24.0
2021-09-29 09:40:03.373886-04:00,34.72,18.0,34.78,6.0,18.22,443.0,18.23,102.0,16.62,637.0,16.63,1910.0,52.27,42.0,52.37,18.0,16.27,55.0,16.29,293.0,24.46,12.0,24.48,120.0,67.97,1.0,68.36,24.0
2021-09-29 09:40:03.373886-04:00,34.72,18.0,34.78,6.0,18.22,443.0,18.23,102.0,16.62,637.0,16.63,1910.0,52.27,24.0,52.33,72.0,16.27,55.0,16.29,293.0,24.46,12.0,24.48,120.0,67.97,1.0,68.36,24.0
2021-09-29 09:40:05.377529-04:00,34.73,18.0,34.79,66.0,18.22,443.0,18.23,102.0,16.62,637.0,16.63,1910.0,52.27,24.0,52.33,72.0,16.27,55.0,16.29,293.0,24.46,12.0,24.48,120.0,67.97,1.0,68.36,24.0
2021-09-29 09:40:05.377529-04:00,34.73,18.0,34.79,66.0,18.22,443.0,18.23,102.0,16.62,637.0,16.63,1910.0,52.27,24.0,52.33,72.0,16.27,55.0,16.29,293.0,24.46,12.0,24.48,120.0,67.97,1.0,68.35,24.0
2021-09-29 09:40:05.377529-04:00,34.73,18.0,34.79,66.0,18.22,443.0,18.23,102.0,16.62,637.0,16.63,1910.0,52.27,24.0,52.33,72.0,16.27,55.0,16.29,293.0,24.46,12.0,24.48,120.0,67.97,1.0,68.36,24.0
2021-09-29 09:40:05.377529-04:00,34.73,18.0,34.79,66.0,18.22,443.0,18.23,102.0,16.62,637.0,16.63,1910.0,52.27,54.0,52.32,72.0,16.27,55.0,16.29,293.0,24.46,12.0,24.48,120.0,67.97,1.0,68.36,24.0
2021-09-29 09:40:05.377529-04:00,34.73,18.0,34.79,66.0,18.22,443.0,18.23,252.0,16.62,637.0,16.63,1910.0,52.27,54.0,52.32,72.0,16.27,55.0,16.29,293.0,24.46,12.0,24.48,120.0,67.97,1.0,68.36,24.0
2021-09-29 09:40:05.377529-04:00,34.73,18.0,34.79,66.0,18.22,443.0,18.23,252.0,16.62,803.0,16.63,1910.0,52.27,54.0,52.32,72.0,16.27,55.0,16.29,293.0,24.46,12.0,24.48,120.0,67.97,1.0,68.36,24.0
2021-09-29 09:40:14.391429-04:00,34.73,36.0,34.78,36.0,18.22,443.0,18.23,252.0,16.62,803.0,16.63,1910.0,52.27,54.0,52.32,72.0,16.27,55.0,16.29,293.0,24.46,12.0,24.48,120.0,67.97,1.0,68.36,24.0
2021-09-29 09:40:28.453833-04:00,34.75,36.0,34.8,24.0,18.22,443.0,18.23,252.0,16.62,803.0,16.63,1910.0,52.27,54.0,52.32,72.0,16.27,55.0,16.29,293.0,24.46,12.0,24.48,120.0,67.97,1.0,68.36,24.0
2021-09-29 09:40:28.453833-04:00,34.75,36.0,34.8,24.0,18.22,443.0,18.23,252.0,16.62,812.0,16.63,1090.0,52.27,54.0,52.32,72.0,16.27,55.0,16.29,293.0,24.46,12.0,24.48,120.0,67.97,1.0,68.36,24.0
2021-09-29 09:40:28.453833-04:00,34.75,36.0,34.8,24.0,18.22,443.0,18.23,252.0,16.62,812.0,16.63,1090.0,52.27,54.0,52.32,72.0,16.27,55.0,16.29,293.0,24.46,39.0,24.48,120.0,67.97,1.0,68.36,24.0
2021-09-29 09:40:28.453833-04:00,34.75,36.0,34.8,24.0,18.22,1541.0,18.24,328.0,16.62,812.0,16.63,1090.0,52.27,54.0,52.32,72.0,16.27,55.0,16.29,293.0,24.46,39.0,24.48,120.0,67.97,1.0,68.36,24.0
2021-09-29 09:40:28.453833-04:00,34.75,36.0,34.8,24.0,18.22,1541.0,18.24,328.0,16.62,812.0,16.63,1090.0,52.27,54.0,52.32,72.0,16.28,49.0,16.29,4.0,24.46,39.0,24.48,120.0,67.97,1.0,68.36,24.0
2021-09-29 09:40:28.453833-04:00,34.75,36.0,34.8,24.0,18.22,1541.0,18.24,328.0,16.62,812.0,16.63,1090.0,52.18,18.0,52.29,36.0,16.28,49.0,16.29,4.0,24.46,39.0,24.48,120.0,67.97,1.0,68.36,24.0
2021-09-29 09:40:28.453833-04:00,34.75,36.0,34.8,24.0,18.22,1541.0,18.24,328.0,16.62,812.0,16.63,1090.0,52.18,18.0,52.29,36.0,16.28,49.0,16.29,4.0,24.46,58.0,24.48,120.0,67.97,1.0,68.36,24.0
2021-09-29 09:40:28.453833-04:00,34.75,36.0,34.8,24.0,18.22,1541.0,18.24,328.0,16.62,812.0,16.63,1090.0,52.18,18.0,52.29,36.0,16.28,49.0,16.29,4.0,24.46,58.0,24.48,120.0,67.97,1.0,68.34,24.0
2021-09-29 09:40:28.453833-04:00,34.75,36.0,34.8,24.0,18.22,1541.0,18.24,328.0,16.62,1579.0,16.63,1298.0,52.18,18.0,52.29,36.0,16.28,49.0,16.29,4.0,24.46,58.0,24.48,120.0,67.97,1.0,68.34,24.0
2021-09-29 09:40:39.816454-04:00,34.76,108.0,34.84,24.0,18.22,1541.0,18.24,328.0,16.62,1579.0,16.63,1298.0,52.18,18.0,52.28,90.0,16.28,49.0,16.29,4.0,24.46,58.0,24.48,120.0,67.97,1.0,68.34,24.0
2021-09-29 09:40:39.816454-04:00,34.76,108.0,34.84,24.0,18.23,1248.0,18.24,60.0,16.62,1579.0,16.63,1298.0,52.18,18.0,52.28,90.0,16.28,49.0,16.29,4.0,24.46,58.0,24.48,120.0,67.97,1.0,68.34,24.0
2021-09-29 09:40:39.816454-04:00,34.76,108.0,34.84,24.0,18.23,1248.0,18.24,60.0,16.62,1579.0,16.63,1298.0,52.18,18.0,52.28,90.0,16.28,49.0,16.29,4.0,24.46,58.0,24.48,120.0,67.97,1.0,68.33,24.0
2021-09-29 09:40:39.816454-04:00,34.76,108.0,34.84,24.0,18.23,1248.0,18.24,60.0,16.62,1579.0,16.63,1361.0,52.18,18.0,52.28,90.0,16.28,49.0,16.29,4.0,24.46,58.0,24.48,120.0,67.97,1.0,68.33,24.0
2021-09-29 09:40:58.504490-04:00,34.76,108.0,34.82,102.0,18.23,1268.0,18.25,750.0,16.62,1627.0,16.63,1044.0,52.18,18.0,52.28,90.0,16.28,49.0,16.29,4.0,24.46,58.0,24.48,120.0,67.97,1.0,68.33,24.0
2021-09-29 09:40:58.504490-04:00,34.76,108.0,34.82,102.0,18.23,1268.0,18.25,750.0,16.62,1627.0,16.63,1044.0,52.23,96.0,52.28,90.0,16.28,49.0,16.29,4.0,24.46,58.0,24.48,120.0,67.97,1.0,68.33,24.0
2021-09-29 09:41:06.655793-04:00,34.75,18.0,34.81,84.0,18.23,1268.0,18.25,750.0,16.62,1627.0,16.63,1044.0,52.23,96.0,52.28,90.0,16.28,49.0,16.29,4.0,24.46,58.0,24.48,120.0,67.97,1.0,68.33,24.0
2021-09-29 09:41:06.655793-04:00,34.75,18.0,34.81,84.0,18.23,1268.0,18.25,750.0,16.62,682.0,16.63,848.0,52.23,96.0,52.28,90.0,16.28,49.0,16.29,4.0,24.46,58.0,24.48,120.0,67.97,1.0,68.33,24.0
2021-09-29 09:41:06.655793-04:00,34.75,18.0,34.81,84.0,18.23,1268.0,18.25,750.0,16.62,682.0,16.63,848.0,52.23,96.0,52.28,90.0,16.28,68.0,16.29,4.0,24.46,58.0,24.48,120.0,67.97,1.0,68.33,24.0
2021-09-29 09:41:06.655793-04:00,34.75,18.0,34.81,84.0,18.23,1268.0,18.25,750.0,16.62,682.0,16.63,848.0,52.24,42.0,52.34,18.0,16.28,68.0,16.29,4.0,24.46,58.0,24.48,120.0,67.97,1.0,68.33,24.0
2021-09-29 09:41:06.655793-04:00,34.75,18.0,34.81,84.0,18.23,1268.0,18.25,750.0,16.62,682.0,16.63,848.0,52.24,42.0,52.34,18.0,16.28,68.0,16.29,4.0,24.46,62.0,24.48,93.0,67.97,1.0,68.33,24.0
2021-09-29 09:41:06.655793-04:00,34.75,18.0,34.81,84.0,18.23,74.0,18.24,361.0,16.62,682.0,16.63,848.0,52.24,42.0,52.34,18.0,16.28,68.0,16.29,4.0,24.46,62.0,24.48,93.0,67.97,1.0,68.33,24.0
2021-09-29 09:41:06.655793-04:00,34.75,18.0,34.81,84.0,18.23,74.0,18.24,361.0,16.62,682.0,16.63,848.0,52.24,42.0,52.34,18.0,16.28,68.0,16.29,4.0,24.46,62.0,24.48,93.0,67.97,1.0,68.34,24.0
2021-09-29 09:41:20.142638-04:00,34.73,54.0,34.79,60.0,18.23,6.0,18.24,773.0,16.62,843.0,16.63,1911.0,52.26,102.0,52.33,54.0,16.28,68.0,16.29,73.0,24.46,51.0,24.48,93.0,67.97,1.0,68.34,24.0
2021-09-29 09:41:28.264920-04:00,34.74,90.0,34.79,18.0,18.23,6.0,18.24,773.0,16.62,843.0,16.63,1911.0,52.26,102.0,52.33,54.0,16.28,68.0,16.29,73.0,24.46,51.0,24.48,93.0,67.97,1.0,68.34,24.0
2021-09-29 09:41:28.264920-04:00,34.74,90.0,34.79,18.0,18.23,6.0,18.24,773.0,16.62,843.0,16.63,1911.0,52.26,102.0,52.33,54.0,16.28,68.0,16.29,73.0,24.46,51.0,24.48,66.0,67.97,1.0,68.34,24.0
2021-09-29 09:41:28.264920-04:00,34.74,90.0,34.79,18.0,18.23,6.0,18.24,773.0,16.62,843.0,16.63,1911.0,52.26,36.0,52.3,36.0,16.28,68.0,16.29,73.0,24.46,51.0,24.48,66.0,67.97,1.0,68.34,24.0
2021-09-29 09:41:36.279495-04:00,34.72,18.0,34.77,36.0,18.23,6.0,18.24,773.0,16.62,843.0,16.63,1911.0,52.26,36.0,52.3,36.0,16.28,68.0,16.29,73.0,24.46,51.0,24.48,66.0,67.97,1.0,68.34,24.0
2021-09-29 09:41:36.279495-04:00,34.72,18.0,34.77,36.0,18.23,6.0,18.24,773.0,16.62,843.0,16.63,1911.0,52.28,36.0,52.32,90.0,16.28,68.0,16.29,73.0,24.46,51.0,24.48,66.0,67.97,1.0,68.34,24.0
2021-09-29 09:41:36.279495-04:00,34.72,18.0,34.77,36.0,18.23,6.0,18.24,773.0,16.62,190.0,16.63,1941.0,52.28,36.0,52.32,90.0,16.28,68.0,16.29,73.0,24.46,51.0,24.48,66.0,67.97,1.0,68.34,24.0
2021-09-29 09:41:36.279495-04:00,34.72,18.0,34.77,36.0,18.23,6.0,18.24,773.0,16.62,190.0,16.63,1941.0,52.28,36.0,52.32,90.0,16.28,68.0,16.29,73.0,24.46,57.0,24.48,120.0,67.97,1.0,68.34,24.0
2021-09-29 09:41:36.279495-04:00,34.72,18.0,34.77,36.0,18.21,1076.0,18.23,656.0,16.62,190.0,16.63,1941.0,52.28,36.0,52.32,90.0,16.28,68.0,16.29,73.0,24.46,57.0,24.48,120.0,67.97,1.0,68.34,24.0
2021-09-29 09:41:36.279495-04:00,34.72,18.0,34.77,36.0,18.21,1076.0,18.23,656.0,16.62,190.0,16.63,1941.0,52.28,36.0,52.32,90.0,16.28,48.0,16.29,4.0,24.46,57.0,24.48,120.0,67.97,1.0,68.34,24.0
2021-09-29 09:41:36.279495-04:00,34.72,18.0,34.77,36.0,18.21,1076.0,18.23,656.0,16.62,190.0,16.63,1941.0,52.28,36.0,52.32,90.0,16.28,46.0,16.29,41.0,24.46,58.0,24.48,120.0,67.97,1.0,68.35,24.0
2021-09-29 09:41:36.279495-04:00,34.72,18.0,34.77,36.0,18.21,1076.0,18.23,656.0,16.61,1502.0,16.62,404.0,52.28,36.0,52.32,90.0,16.28,46.0,16.29,41.0,24.46,58.0,24.48,120.0,67.97,1.0,68.35,24.0
2021-09-29 09:41:48.339252-04:00,34.72,54.0,34.78,60.0,18.21,1076.0,18.23,656.0,16.61,1502.0,16.62,404.0,52.28,36.0,52.32,90.0,16.28,46.0,16.29,41.0,24.46,58.0,24.48,120.0,67.97,1.0,68.35,24.0
2021-09-29 09:41:48.339252-04:00,34.72,54.0,34.78,60.0,18.21,1071.0,18.23,672.0,16.61,1502.0,16.62,404.0,52.28,36.0,52.32,90.0,16.28,46.0,16.29,41.0,24.46,58.0,24.48,120.0,67.97,1.0,68.35,24.0
2021-09-29 09:41:48.339252-04:00,34.72,54.0,34.78,60.0,18.21,1071.0,18.23,672.0,16.61,1502.0,16.62,404.0,52.28,42.0,52.32,90.0,16.28,46.0,16.29,41.0,24.46,58.0,24.48,120.0,67.97,1.0,68.35,24.0
2021-09-29 09:41:48.339252-04:00,34.72,54.0,34.78,60.0,18.21,1071.0,18.23,672.0,16.61,1502.0,16.62,404.0,52.28,42.0,52.32,90.0,16.28,46.0,16.29,4.0,24.46,58.0,24.48,120.0,67.97,1.0,68.35,24.0
2021-09-29 09:41:48.339252-04:00,34.72,54.0,34.78,60.0,18.21,1071.0,18.23,672.0,16.62,1018.0,16.63,1789.0,52.28,42.0,52.32,90.0,16.28,46.0,16.29,4.0,24.46,58.0,24.48,120.0,67.97,1.0,68.35,24.0
2021-09-29 09:42:00.402015-04:00,34.73,54.0,34.78,24.0,18.21,1071.0,18.23,672.0,16.62,1018.0,16.63,1789.0,52.28,42.0,52.32,90.0,16.28,46.0,16.29,4.0,24.46,58.0,24.48,120.0,67.97,1.0,68.35,24.0
2021-09-29 09:42:00.402015-04:00,34.73,54.0,34.78,24.0,18.22,574.0,18.23,384.0,16.62,1018.0,16.63,1789.0,52.28,42.0,52.32,90.0,16.28,46.0,16.29,4.0,24.46,58.0,24.48,120.0,67.97,1.0,68.35,24.0
2021-09-29 09:42:00.402015-04:00,34.73,54.0,34.78,24.0,18.22,574.0,18.23,384.0,16.62,1018.0,16.63,1789.0,52.27,60.0,52.31,36.0,16.28,46.0,16.29,4.0,24.46,58.0,24.48,120.0,67.97,1.0,68.35,24.0
2021-09-29 09:42:08.372692-04:00,34.73,54.0,34.78,18.0,18.22,574.0,18.23,384.0,16.62,1018.0,16.63,1789.0,52.27,60.0,52.31,36.0,16.28,46.0,16.29,4.0,24.46,58.0,24.48,120.0,67.97,1.0,68.35,24.0
2021-09-29 09:42:08.372692-04:00,34.73,54.0,34.78,18.0,18.22,574.0,18.23,384.0,16.62,1032.0,16.63,1813.0,52.27,60.0,52.31,36.0,16.28,46.0,16.29,4.0,24.46,58.0,24.48,120.0,67.97,1.0,68.35,24.0
2021-09-29 09:42:08.372692-04:00,34.73,54.0,34.78,18.0,18.22,331.0,18.23,283.0,16.62,1032.0,16.63,1813.0,52.27,60.0,52.31,36.0,16.28,46.0,16.29,4.0,24.46,58.0,24.48,120.0,67.97,1.0,68.35,24.0
2021-09-29 09:42:08.372692-04:00,34.73,54.0,34.78,18.0,18.22,331.0,18.23,283.0,16.62,1032.0,16.63,1813.0,52.27,60.0,52.31,36.0,16.28,46.0,16.29,4.0,24.46,64.0,24.48,120.0,67.97,1.0,68.35,24.0
2021-09-29 09:42:08.372692-04:00,34.73,54.0,34.78,18.0,18.22,331.0,18.23,283.0,16.62,1032.0,16.63,1813.0,52.27,60.0,52.31,90.0,16.28,62.0,16.29,55.0,24.46,64.0,24.48,120.0,67.97,1.0,68.35,24.0
2021-09-29 09:42:08.372692-04:00,34.73,54.0,34.78,18.0,18.22,331.0,18.23,283.0,16.62,1032.0,16.63,1813.0,52.27,60.0,52.31,90.0,16.28,62.0,16.29,55.0,24.46,63.0,24.48,120.0,67.97,1.0,68.35,24.0
2021-09-29 09:42:08.372692-04:00,34.73,54.0,34.78,18.0,18.22,331.0,18.23,283.0,16.62,1032.0,16.63,1813.0,52.27,60.0,52.31,90.0,16.28,60.0,16.29,55.0,24.46,63.0,24.48,120.0,67.97,1.0,68.35,24.0
2021-09-29 09:42:08.372692-04:00,34.73,54.0,34.78,18.0,18.22,331.0,18.23,283.0,16.62,1032.0,16.63,1813.0,52.27,6.0,52.32,90.0,16.28,60.0,16.29,55.0,24.46,63.0,24.48,120.0,67.97,1.0,68.35,24.0
2021-09-29 09:42:16.347369-04:00,34.72,54.0,34.78,66.0,18.22,331.0,18.23,283.0,16.62,1032.0,16.63,1813.0,52.27,6.0,52.32,90.0,16.28,60.0,16.29,55.0,24.46,63.0,24.48,120.0,67.97,1.0,68.35,24.0
2021-09-29 09:42:16.347369-04:00,34.72,54.0,34.78,66.0,18.22,1.0,18.23,203.0,16.62,332.0,16.63,1714.0,52.27,6.0,52.32,90.0,16.28,60.0,16.29,55.0,24.46,63.0,24.48,120.0,67.97,1.0,68.35,24.0
2021-09-29 09:42:16.347369-04:00,34.72,54.0,34.78,66.0,18.22,1.0,18.23,203.0,16.62,332.0,16.63,1726.0,52.27,6.0,52.32,90.0,16.28,60.0,16.29,55.0,24.46,63.0,24.48,120.0,67.97,1.0,68.35,24.0
2021-09-29 09:42:16.347369-04:00,34.72,54.0,34.78,66.0,18.22,6.0,18.23,203.0,16.62,332.0,16.63,1726.0,52.27,6.0,52.32,90.0,16.28,60.0,16.29,55.0,24.46,63.0,24.48,120.0,67.97,1.0,68.35,24.0
2021-09-29 09:42:16.347369-04:00,34.72,54.0,34.78,66.0,18.22,6.0,18.23,203.0,16.62,332.0,16.63,1726.0,52.27,6.0,52.32,90.0,16.28,60.0,16.29,55.0,24.46,51.0,24.48,120.0,67.97,1.0,68.35,24.0
2021-09-29 09:42:16.347369-04:00,34.72,54.0,34.78,66.0,18.22,6.0,18.23,203.0,16.62,332.0,16.63,1726.0,52.28,18.0,52.32,90.0,16.28,60.0,16.29,55.0,24.46,51.0,24.48,120.0,67.97,1.0,68.35,24.0
2021-09-29 09:42:16.347369-04:00,34.72,54.0,34.78,66.0,18.22,6.0,18.23,203.0,16.62,332.0,16.63,1726.0,52.27,24.0,52.32,90.0,16.28,60.0,16.29,55.0,24.46,51.0,24.48,120.0,67.97,1.0,68.35,24.0
2021-09-29 09:42:16.347369-04:00,34.72,54.0,34.78,66.0,18.22,186.0,18.23,203.0,16.62,527.0,16.63,1794.0,52.27,24.0,52.32,90.0,16.28,60.0,16.29,55.0,24.46,63.0,24.48,120.0,67.97,1.0,68.35,24.0
2021-09-29 09:42:16.347369-04:00,34.72,54.0,34.78,66.0,18.22,186.0,18.23,203.0,16.62,527.0,16.63,1794.0,52.27,24.0,52.32,90.0,16.28,61.0,16.29,4.0,24.46,63.0,24.48,120.0,67.97,1.0,68.35,24.0
2021-09-29 09:42:40.703250-04:00,34.72,54.0,34.78,96.0,18.22,186.0,18.23,203.0,16.62,527.0,16.63,1794.0,52.27,24.0,52.32,90.0,16.28,61.0,16.29,4.0,24.46,63.0,24.48,120.0,67.97,1.0,68.35,24.0
2021-09-29 09:42:40.703250-04:00,34.72,54.0,34.78,96.0,18.22,6.0,18.23,524.0,16.62,527.0,16.63,1794.0,52.27,24.0,52.32,90.0,16.28,61.0,16.29,4.0,24.46,63.0,24.48,120.0,67.97,1.0,68.35,24.0
2021-09-29 09:42:40.703250-04:00,34.72,54.0,34.78,96.0,18.22,6.0,18.23,524.0,16.62,217.0,16.63,1794.0,52.27,24.0,52.32,90.0,16.28,61.0,16.29,4.0,24.46,63.0,24.48,120.0,67.97,1.0,68.35,24.0
2021-09-29 09:42:40.703250-04:00,34.72,54.0,34.78,96.0,18.22,6.0,18.23,524.0,16.62,217.0,16.63,1794.0,52.27,24.0,52.32,90.0,16.28,40.0,16.29,4.0,24.46,36.0,24.48,120.0,67.97,1.0,68.35,24.0
2021-09-29 09:42:40.703250-04:00,34.72,54.0,34.78,96.0,18.22,6.0,18.23,524.0,16.62,217.0,16.63,1794.0,52.27,60.0,52.32,90.0,16.28,40.0,16.29,4.0,24.46,36.0,24.48,120.0,67.97,1.0,68.35,24.0
2021-09-29 09:42:40.703250-04:00,34.72,54.0,34.78,96.0,18.22,6.0,18.23,524.0,16.62,217.0,16.63,1794.0,52.27,60.0,52.32,90.0,16.28,40.0,16.29,4.0,24.46,57.0,24.48,120.0,67.97,1.0,68.35,24.0
2021-09-29 09:42:40.703250-04:00,34.72,54.0,34.78,96.0,18.22,6.0,18.23,524.0,16.62,217.0,16.63,1794.0,52.27,60.0,52.32,90.0,16.28,61.0,16.29,59.0,24.46,57.0,24.48,120.0,67.97,1.0,68.35,24.0
2021-09-29 09:42:40.703250-04:00,34.72,54.0,34.78,96.0,18.22,6.0,18.23,524.0,16.62,51.0,16.63,1794.0,52.27,60.0,52.32,90.0,16.28,61.0,16.29,59.0,24.46,57.0,24.48,120.0,67.97,1.0,68.35,24.0
2021-09-29 09:42:40.703250-04:00,34.72,54.0,34.78,96.0,18.22,5.0,18.23,524.0,16.62,51.0,16.63,1794.0,52.28,6.0,52.32,18.0,16.28,61.0,16.29,59.0,24.46,57.0,24.48,120.0,67.97,1.0,68.35,24.0
2021-09-29 09:43:07.737191-04:00,34.74,18.0,34.79,90.0,18.22,5.0,18.23,524.0,16.62,51.0,16.63,1794.0,52.28,6.0,52.32,18.0,16.28,61.0,16.29,59.0,24.46,65.0,24.48,120.0,67.97,1.0,68.35,24.0
2021-09-29 09:43:07.737191-04:00,34.74,18.0,34.79,90.0,18.22,5.0,18.23,524.0,16.62,51.0,16.63,1794.0,52.26,90.0,52.31,90.0,16.28,56.0,16.29,4.0,24.46,65.0,24.48,120.0,67.97,1.0,68.35,24.0
2021-09-29 09:43:07.737191-04:00,34.74,18.0,34.79,90.0,18.22,5.0,18.23,524.0,16.62,1149.0,16.63,1755.0,52.26,90.0,52.31,90.0,16.28,56.0,16.29,4.0,24.46,65.0,24.48,120.0,67.97,1.0,68.35,24.0
2021-09-29 09:43:07.737191-04:00,34.74,18.0,34.79,90.0,18.22,654.0,18.23,97.0,16.62,1149.0,16.63,1755.0,52.26,90.0,52.31,90.0,16.28,56.0,16.29,4.0,24.46,65.0,24.48,120.0,67.97,1.0,68.35,24.0
2021-09-29 09:43:11.433373-04:00,34.75,108.0,34.8,36.0,18.22,654.0,18.23,97.0,16.62,1149.0,16.63,1755.0,52.26,90.0,52.31,90.0,16.28,56.0,16.29,4.0,24.46,65.0,24.48,120.0,67.97,1.0,68.35,24.0
2021-09-29 09:43:11.433373-04:00,34.75,108.0,34.8,36.0,18.22,654.0,18.23,97.0,16.62,1149.0,16.63,1755.0,52.26,90.0,52.31,90.0,16.28,56.0,16.29,4.0,24.46,66.0,24.48,120.0,67.97,1.0,68.35,24.0
2021-09-29 09:43:11.433373-04:00,34.75,108.0,34.8,36.0,18.22,654.0,18.23,97.0,16.62,1149.0,16.63,1755.0,52.26,90.0,52.31,90.0,16.28,67.0,16.29,4.0,24.46,66.0,24.48,120.0,67.97,1.0,68.35,24.0
2021-09-29 09:43:11.433373-04:00,34.75,108.0,34.8,36.0,18.22,654.0,18.23,97.0,16.62,1149.0,16.63,1755.0,52.26,90.0,52.31,90.0,16.28,67.0,16.29,4.0,24.46,66.0,24.48,120.0,67.97,1.0,68.34,24.0
2021-09-29 09:43:11.433373-04:00,34.75,108.0,34.8,36.0,18.22,654.0,18.23,97.0,16.62,1149.0,16.63,1755.0,52.25,36.0,52.29,90.0,16.28,67.0,16.29,4.0,24.46,66.0,24.48,120.0,67.97,1.0,68.34,24.0
2021-09-29 09:43:11.433373-04:00,34.75,108.0,34.8,36.0,18.22,654.0,18.23,97.0,16.62,1747.0,16.63,1668.0,52.25,36.0,52.29,90.0,16.28,67.0,16.29,4.0,24.46,66.0,24.48,120.0,67.97,1.0,68.34,24.0
2021-09-29 09:43:11.433373-04:00,34.75,108.0,34.8,36.0,18.23,226.0,18.24,630.0,16.62,1747.0,16.63,1668.0,52.25,36.0,52.29,90.0,16.28,67.0,16.29,4.0,24.46,66.0,24.48,120.0,67.97,1.0,68.34,24.0
2021-09-29 09:43:11.433373-04:00,34.75,108.0,34.8,36.0,18.23,226.0,18.24,639.0,16.62,1747.0,16.63,1668.0,52.25,36.0,52.29,90.0,16.28,67.0,16.29,4.0,24.46,66.0,24.48,120.0,67.97,1.0,68.34,24.0
2021-09-29 09:43:11.433373-04:00,34.75,108.0,34.8,36.0,18.23,226.0,18.24,639.0,16.62,1592.0,16.63,1534.0,52.25,36.0,52.29,90.0,16.28,67.0,16.29,4.0,24.46,66.0,24.48,120.0,67.97,1.0,68.34,24.0
2021-09-29 09:43:27.463150-04:00,34.75,108.0,34.83,36.0,18.23,226.0,18.24,639.0,16.62,1592.0,16.63,1534.0,52.25,36.0,52.29,90.0,16.28,67.0,16.29,4.0,24.46,66.0,24.48,120.0,67.97,1.0,68.34,24.0
2021-09-29 09:43:27.463150-04:00,34.75,108.0,34.83,36.0,18.23,226.0,18.24,639.0,16.62,1592.0,16.63,1534.0,52.25,36.0,52.29,90.0,16.28,67.0,16.29,4.0,24.46,63.0,24.48,120.0,67.97,1.0,68.34,24.0
2021-09-29 09:43:27.463150-04:00,34.75,108.0,34.83,36.0,18.23,226.0,18.24,639.0,16.62,1592.0,16.63,1534.0,52.22,36.0,52.29,90.0,16.28,67.0,16.29,4.0,24.46,63.0,24.48,120.0,67.97,1.0,68.34,24.0
2021-09-29 09:43:27.463150-04:00,34.75,108.0,34.83,36.0,18.23,226.0,18.24,639.0,16.62,1592.0,16.63,1700.0,52.22,36.0,52.29,90.0,16.28,67.0,16.29,4.0,24.46,63.0,24.48,120.0,67.97,1.0,68.34,24.0
2021-09-29 09:43:38.222677-04:00,34.75,90.0,34.8,18.0,18.23,226.0,18.24,639.0,16.62,1592.0,16.63,1700.0,52.22,36.0,52.29,90.0,16.28,67.0,16.29,4.0,24.46,63.0,24.48,120.0,67.97,1.0,68.34,24.0
2021-09-29 09:43:38.222677-04:00,34.75,90.0,34.8,18.0,18.23,226.0,18.24,639.0,16.62,1592.0,16.63,1700.0,52.22,36.0,52.29,90.0,16.28,67.0,16.29,4.0,24.46,63.0,24.48,66.0,67.97,1.0,68.34,24.0
2021-09-29 09:43:38.222677-04:00,34.75,90.0,34.8,18.0,18.23,76.0,18.24,714.0,16.62,1592.0,16.63,1700.0,52.22,36.0,52.29,90.0,16.28,67.0,16.29,4.0,24.46,63.0,24.48,66.0,67.97,1.0,68.34,24.0
2021-09-29 09:43:38.222677-04:00,34.75,90.0,34.8,18.0,18.23,76.0,18.24,714.0,16.62,1592.0,16.63,1700.0,52.25,96.0,52.29,72.0,16.28,67.0,16.29,4.0,24.46,63.0,24.48,66.0,67.97,1.0,68.34,24.0
2021-09-29 09:43:38.222677-04:00,34.75,90.0,34.8,18.0,18.23,76.0,18.24,714.0,16.62,1592.0,16.63,1700.0,52.25,96.0,52.29,72.0,16.28,47.0,16.29,4.0,24.46,63.0,24.48,66.0,67.97,1.0,68.34,24.0
2021-09-29 09:43:38.222677-04:00,34.75,90.0,34.8,18.0,18.23,76.0,18.24,714.0,16.62,1592.0,16.63,1700.0,52.25,96.0,52.29,72.0,16.28,47.0,16.29,4.0,24.46,50.0,24.48,93.0,67.97,1.0,68.34,24.0
2021-09-29 09:43:38.222677-04:00,34.75,90.0,34.8,18.0,18.23,75.0,18.24,714.0,16.62,1592.0,16.63,1700.0,52.25,96.0,52.29,72.0,16.28,47.0,16.29,4.0,24.46,50.0,24.48,93.0,67.97,1.0,68.34,24.0
2021-09-29 09:43:48.089511-04:00,34.75,108.0,34.8,24.0,18.23,75.0,18.24,714.0,16.62,1592.0,16.63,1700.0,52.25,96.0,52.29,72.0,16.28,47.0,16.29,4.0,24.46,50.0,24.48,93.0,67.97,1.0,68.34,24.0
2021-09-29 09:43:48.089511-04:00,34.75,108.0,34.8,24.0,18.23,75.0,18.24,714.0,16.62,1592.0,16.63,1700.0,52.25,18.0,52.29,90.0,16.28,47.0,16.29,4.0,24.46,50.0,24.48,93.0,67.97,1.0,68.34,24.0
2021-09-29 09:43:48.089511-04:00,34.75,108.0,34.8,24.0,18.23,75.0,18.24,714.0,16.62,1592.0,16.63,1700.0,52.25,42.0,52.29,54.0,16.28,47.0,16.29,4.0,24.46,50.0,24.48,93.0,67.97,1.0,68.34,24.0
2021-09-29 09:43:48.089511-04:00,34.75,108.0,34.8,24.0,18.23,75.0,18.24,639.0,16.62,1592.0,16.63,1700.0,52.25,42.0,52.29,54.0,16.28,47.0,16.29,4.0,24.46,50.0,24.48,93.0,67.97,1.0,68.34,24.0
2021-09-29 09:44:02.255671-04:00,34.75,108.0,34.81,90.0,18.23,75.0,18.24,639.0,16.62,1592.0,16.63,1700.0,52.25,42.0,52.29,54.0,16.28,47.0,16.29,4.0,24.46,50.0,24.48,93.0,67.97,1.0,68.34,24.0
2021-09-29 09:44:02.255671-04:00,34.75,108.0,34.81,90.0,18.23,75.0,18.24,639.0,16.62,1592.0,16.63,1700.0,52.24,90.0,52.29,90.0,16.28,47.0,16.29,4.0,24.46,50.0,24.48,93.0,67.97,1.0,68.34,24.0
2021-09-29 09:44:02.255671-04:00,34.75,108.0,34.81,90.0,18.23,74.0,18.24,639.0,16.62,1592.0,16.63,1700.0,52.24,90.0,52.29,90.0,16.28,47.0,16.29,4.0,24.46,50.0,24.48,93.0,67.97,1.0,68.34,24.0
2021-09-29 09:44:02.255671-04:00,34.75,108.0,34.81,90.0,18.23,74.0,18.24,639.0,16.62,1592.0,16.63,1700.0,52.24,90.0,52.29,90.0,16.28,47.0,16.29,4.0,24.46,59.0,24.48,120.0,67.97,1.0,68.34,24.0
2021-09-29 09:44:02.255671-04:00,34.75,108.0,34.81,90.0,18.23,74.0,18.24,639.0,16.62,1592.0,16.63,1700.0,52.24,90.0,52.29,90.0,16.28,52.0,16.29,53.0,24.46,59.0,24.48,120.0,67.97,1.0,68.34,24.0
2021-09-29 09:44:02.255671-04:00,34.75,108.0,34.81,90.0,18.23,74.0,18.24,639.0,16.62,1592.0,16.63,1700.0,52.24,90.0,52.29,90.0,16.28,52.0,16.29,53.0,24.46,59.0,24.48,120.0,67.97,1.0,68.34,1.0
2021-09-29 09:44:15.039645-04:00,34.65,27.0,34.77,96.0,18.23,74.0,18.24,639.0,16.62,166.0,16.63,1857.0,52.24,90.0,52.29,90.0,16.28,52.0,16.29,53.0,24.46,59.0,24.48,120.0,67.97,1.0,68.34,1.0
2021-09-29 09:44:15.039645-04:00,34.65,27.0,34.77,96.0,18.22,5.0,18.23,697.0,16.62,166.0,16.63,1857.0,52.28,96.0,52.34,18.0,16.28,52.0,16.29,53.0,24.46,59.0,24.48,120.0,67.97,1.0,68.34,1.0
2021-09-29 09:44:15.039645-04:00,34.65,27.0,34.77,96.0,18.22,5.0,18.23,697.0,16.61,1472.0,16.62,1096.0,52.28,96.0,52.34,18.0,16.28,52.0,16.29,53.0,24.46,59.0,24.48,120.0,67.97,1.0,68.34,1.0
2021-09-29 09:44:28.538839-04:00,34.71,18.0,34.76,100.0,18.22,5.0,18.23,697.0,16.61,1472.0,16.62,1096.0,52.28,96.0,52.34,18.0,16.28,52.0,16.29,53.0,24.46,50.0,24.48,120.0,67.97,1.0,68.34,1.0
2021-09-29 09:44:28.538839-04:00,34.71,18.0,34.76,100.0,18.22,5.0,18.23,912.0,16.61,1472.0,16.62,1096.0,52.29,102.0,52.34,18.0,16.28,65.0,16.29,73.0,24.46,50.0,24.48,120.0,67.97,1.0,68.34,1.0
2021-09-29 09:44:28.538839-04:00,34.71,18.0,34.76,100.0,18.22,5.0,18.23,912.0,16.61,1472.0,16.62,1096.0,52.27,36.0,52.33,90.0,16.28,65.0,16.29,73.0,24.46,50.0,24.48,120.0,67.97,1.0,68.34,1.0
2021-09-29 09:44:28.538839-04:00,34.71,18.0,34.76,100.0,18.22,24.0,18.23,687.0,16.61,1472.0,16.62,1096.0,52.27,36.0,52.33,90.0,16.28,65.0,16.29,73.0,24.46,50.0,24.48,120.0,67.97,1.0,68.34,1.0
2021-09-29 09:44:28.538839-04:00,34.71,18.0,34.76,100.0,18.22,24.0,18.23,687.0,16.61,1472.0,16.62,231.0,52.27,36.0,52.33,90.0,16.28,65.0,16.29,73.0,24.46,50.0,24.48,120.0,67.97,1.0,68.34,1.0
2021-09-29 09:44:38.361802-04:00,34.71,54.0,34.78,72.0,18.22,24.0,18.23,687.0,16.61,1472.0,16.62,231.0,52.27,36.0,52.33,90.0,16.28,65.0,16.29,73.0,24.46,50.0,24.48,120.0,67.97,1.0,68.34,1.0
2021-09-29 09:44:42.328285-04:00,34.72,54.0,34.78,72.0,18.22,24.0,18.23,687.0,16.61,1472.0,16.62,231.0,52.27,36.0,52.33,90.0,16.28,65.0,16.29,73.0,24.46,50.0,24.48,120.0,67.97,1.0,68.34,1.0
2021-09-29 09:44:42.328285-04:00,34.72,54.0,34.78,72.0,18.22,24.0,18.23,687.0,16.61,1472.0,16.62,231.0,52.27,36.0,52.32,90.0,16.28,65.0,16.29,73.0,24.46,50.0,24.48,120.0,67.97,1.0,68.34,1.0
2021-09-29 09:44:42.328285-04:00,34.72,54.0,34.78,72.0,18.22,42.0,18.23,694.0,16.61,1472.0,16.62,231.0,52.27,36.0,52.32,90.0,16.28,65.0,16.29,73.0,24.46,50.0,24.48,120.0,67.97,1.0,68.34,1.0
2021-09-29 09:44:42.328285-04:00,34.72,54.0,34.78,72.0,18.22,42.0,18.23,694.0,16.61,1472.0,16.62,231.0,52.27,36.0,52.32,90.0,16.28,65.0,16.29,73.0,24.46,54.0,24.48,120.0,67.97,1.0,68.34,1.0
2021-09-29 09:44:42.328285-04:00,34.72,54.0,34.78,72.0,18.22,42.0,18.23,694.0,16.61,1472.0,16.62,231.0,52.27,36.0,52.32,90.0,16.28,70.0,16.29,4.0,24.46,54.0,24.48,120.0,67.97,1.0,68.34,1.0
2021-09-29 09:44:42.328285-04:00,34.72,54.0,34.78,72.0,18.22,42.0,18.23,694.0,16.61,1472.0,16.62,391.0,52.27,36.0,52.32,90.0,16.28,70.0,16.29,4.0,24.46,54.0,24.48,120.0,67.97,1.0,68.34,1.0
2021-09-29 09:44:42.328285-04:00,34.72,54.0,34.78,72.0,18.22,42.0,18.23,694.0,16.61,1472.0,16.62,391.0,52.27,36.0,52.32,90.0,16.27,46.0,16.29,287.0,24.46,54.0,24.48,120.0,67.97,1.0,68.34,1.0
2021-09-29 09:44:58.401911-04:00,34.72,54.0,34.78,72.0,18.22,42.0,18.23,694.0,16.61,1539.0,16.62,987.0,52.27,36.0,52.32,90.0,16.27,46.0,16.29,287.0,24.46,54.0,24.48,120.0,67.97,1.0,68.34,1.0
2021-09-29 09:44:58.402900-04:00,34.72,36.0,34.77,72.0,18.22,42.0,18.23,694.0,16.61,1539.0,16.62,987.0,52.27,36.0,52.32,90.0,16.27,46.0,16.29,287.0,24.46,54.0,24.48,120.0,67.97,1.0,68.34,1.0
2021-09-29 09:44:58.402900-04:00,34.72,36.0,34.77,72.0,18.22,42.0,18.23,694.0,16.61,1539.0,16.62,987.0,52.27,36.0,52.32,90.0,16.27,46.0,16.29,287.0,24.46,11.0,24.48,308.0,67.97,1.0,68.34,1.0
2021-09-29 09:44:58.402900-04:00,34.72,36.0,34.77,72.0,18.22,42.0,18.23,694.0,16.61,1539.0,16.62,987.0,52.28,72.0,52.33,48.0,16.27,46.0,16.29,287.0,24.46,11.0,24.48,308.0,67.97,1.0,68.34,1.0
2021-09-29 09:44:58.402900-04:00,34.72,36.0,34.77,72.0,18.21,584.0,18.23,563.0,16.61,1539.0,16.62,987.0,52.28,72.0,52.33,48.0,16.27,46.0,16.29,287.0,24.46,11.0,24.48,308.0,67.97,1.0,68.34,1.0
2021-09-29 09:45:08.886280-04:00,34.72,36.0,34.77,72.0,18.21,584.0,18.23,563.0,16.61,1539.0,16.62,987.0,52.28,72.0,52.33,48.0,16.27,46.0,16.29,287.0,24.46,52.0,24.48,177.0,67.97,1.0,68.34,1.0
2021-09-29 09:45:08.913869-04:00,34.77,1.0,34.82,76.0,18.21,584.0,18.23,563.0,16.61,1539.0,16.62,987.0,52.28,72.0,52.33,48.0,16.27,46.0,16.29,287.0,24.46,52.0,24.48,177.0,67.97,1.0,68.34,1.0
2021-09-29 09:45:08.913869-04:00,34.77,1.0,34.82,76.0,18.21,584.0,18.23,563.0,16.62,2022.0,16.63,2047.0,52.28,72.0,52.33,48.0,16.27,46.0,16.29,287.0,24.46,52.0,24.48,177.0,67.97,2.0,68.33,26.0
2021-09-29 09:45:08.913869-04:00,34.77,1.0,34.82,76.0,18.21,584.0,18.23,563.0,16.62,2022.0,16.63,2047.0,52.23,54.0,52.28,36.0,16.27,46.0,16.29,287.0,24.46,52.0,24.48,177.0,67.97,2.0,68.33,26.0
2021-09-29 09:45:08.913869-04:00,34.77,1.0,34.82,76.0,18.21,584.0,18.23,563.0,16.62,2022.0,16.63,2047.0,52.23,54.0,52.28,36.0,16.28,78.0,16.3,358.0,24.46,52.0,24.48,177.0,67.97,2.0,68.33,26.0
2021-09-29 09:45:08.913869-04:00,34.77,1.0,34.82,76.0,18.24,62.0,18.25,878.0,16.62,2022.0,16.63,2047.0,52.23,54.0,52.28,36.0,16.28,78.0,16.3,358.0,24.46,52.0,24.48,177.0,67.97,2.0,68.33,26.0
2021-09-29 09:45:18.439713-04:00,34.69,38.0,34.74,90.0,18.24,62.0,18.25,878.0,16.62,2022.0,16.63,2047.0,52.23,54.0,52.28,36.0,16.28,78.0,16.3,358.0,24.46,52.0,24.48,177.0,67.97,2.0,68.33,26.0
2021-09-29 09:45:18.439713-04:00,34.69,38.0,34.74,90.0,18.24,62.0,18.25,878.0,16.61,2557.0,16.62,2145.0,52.23,54.0,52.28,36.0,16.28,78.0,16.3,358.0,24.46,52.0,24.48,177.0,67.97,2.0,68.33,26.0
2021-09-29 09:45:18.439713-04:00,34.69,38.0,34.74,90.0,18.24,62.0,18.25,878.0,16.61,2557.0,16.62,2145.0,52.23,54.0,52.28,36.0,16.28,78.0,16.3,358.0,24.45,45.0,24.48,499.0,67.97,2.0,68.32,7.0
2021-09-29 09:45:18.439713-04:00,34.69,38.0,34.74,90.0,18.24,62.0,18.25,878.0,16.61,2557.0,16.62,2145.0,52.31,91.0,52.36,37.0,16.27,78.0,16.29,308.0,24.45,45.0,24.48,499.0,67.97,2.0,68.32,7.0
2021-09-29 09:45:18.439713-04:00,34.69,38.0,34.74,90.0,18.21,173.0,18.22,807.0,16.61,2557.0,16.62,2145.0,52.31,91.0,52.36,37.0,16.27,78.0,16.29,308.0,24.45,45.0,24.48,499.0,67.97,2.0,68.32,7.0
2021-09-29 09:45:18.439713-04:00,34.69,38.0,34.74,90.0,18.21,173.0,18.22,807.0,16.61,2557.0,16.62,2145.0,52.31,91.0,52.36,37.0,16.27,78.0,16.29,308.0,24.45,45.0,24.48,499.0,67.97,4.0,68.16,2.0
2021-09-29 09:45:18.439713-04:00,34.69,38.0,34.74,90.0,18.21,173.0,18.22,807.0,16.61,2557.0,16.62,2145.0,52.31,91.0,52.36,37.0,16.27,78.0,16.29,375.0,24.45,45.0,24.48,499.0,67.97,4.0,68.16,2.0
2021-09-29 09:45:27.408481-04:00,34.7,1.0,34.74,6.0,18.21,173.0,18.22,807.0,16.61,2557.0,16.62,2145.0,52.31,91.0,52.36,37.0,16.27,78.0,16.29,375.0,24.45,64.0,24.48,620.0,67.97,4.0,68.16,2.0
2021-09-29 09:45:27.408481-04:00,34.7,1.0,34.74,6.0,18.21,173.0,18.22,807.0,16.61,2557.0,16.62,2145.0,52.31,6.0,52.35,90.0,16.27,78.0,16.29,375.0,24.45,64.0,24.48,620.0,67.97,4.0,68.16,2.0
2021-09-29 09:45:27.408481-04:00,34.7,1.0,34.74,6.0,18.21,173.0,18.22,807.0,16.61,2344.0,16.62,2703.0,52.31,6.0,52.35,90.0,16.27,78.0,16.29,375.0,24.45,64.0,24.48,620.0,67.97,4.0,68.16,2.0
2021-09-29 09:45:27.408481-04:00,34.7,1.0,34.74,6.0,18.21,85.0,18.22,1280.0,16.61,2344.0,16.62,2703.0,52.31,6.0,52.35,90.0,16.27,78.0,16.29,375.0,24.45,64.0,24.48,620.0,67.97,4.0,68.16,2.0
2021-09-29 09:45:35.746408-04:00,34.7,1.0,34.74,6.0,18.21,85.0,18.22,1280.0,16.61,2344.0,16.62,2703.0,52.31,6.0,52.35,90.0,16.27,78.0,16.29,368.0,24.45,64.0,24.48,620.0,67.97,4.0,68.16,2.0
2021-09-29 09:45:35.746408-04:00,34.7,1.0,34.74,6.0,18.21,85.0,18.22,1280.0,16.61,2344.0,16.62,2703.0,52.31,6.0,52.35,90.0,16.27,78.0,16.29,368.0,24.45,64.0,24.48,620.0,67.97,2.0,68.15,2.0
2021-09-29 09:45:35.746408-04:00,34.7,1.0,34.74,6.0,18.21,85.0,18.22,1280.0,16.61,2964.0,16.62,1796.0,52.31,6.0,52.35,90.0,16.27,78.0,16.29,368.0,24.45,64.0,24.48,620.0,67.97,2.0,68.15,2.0
2021-09-29 09:45:38.480638-04:00,34.7,55.0,34.76,120.0,18.21,85.0,18.22,1280.0,16.61,2964.0,16.62,1796.0,52.31,6.0,52.35,90.0,16.27,78.0,16.29,368.0,24.45,64.0,24.48,620.0,67.97,2.0,68.15,2.0
2021-09-29 09:45:38.480638-04:00,34.7,55.0,34.76,120.0,18.21,85.0,18.22,1280.0,16.61,2964.0,16.62,1796.0,52.31,6.0,52.35,90.0,16.27,78.0,16.29,368.0,24.45,64.0,24.48,619.0,67.97,2.0,68.15,2.0
2021-09-29 09:45:38.480638-04:00,34.7,55.0,34.76,120.0,18.21,85.0,18.22,1280.0,16.61,2964.0,16.62,1796.0,52.29,85.0,52.34,91.0,16.27,78.0,16.29,368.0,24.45,64.0,24.48,619.0,67.97,2.0,68.15,2.0
2021-09-29 09:45:38.480638-04:00,34.7,55.0,34.76,120.0,18.21,1037.0,18.22,377.0,16.61,2964.0,16.62,1796.0,52.29,85.0,52.34,91.0,16.27,78.0,16.29,368.0,24.45,64.0,24.48,619.0,67.97,2.0,68.15,2.0
2021-09-29 09:45:38.480638-04:00,34.7,55.0,34.76,120.0,18.21,1037.0,18.22,377.0,16.61,2964.0,16.62,1796.0,52.29,85.0,52.34,91.0,16.27,78.0,16.29,368.0,24.45,64.0,24.48,619.0,67.97,2.0,68.14,2.0
2021-09-29 09:45:49.256030-04:00,34.71,1.0,34.76,90.0,18.21,1037.0,18.22,377.0,16.61,2916.0,16.62,2473.0,52.29,91.0,52.34,109.0,16.27,78.0,16.29,368.0,24.45,64.0,24.48,619.0,67.97,2.0,68.14,2.0
2021-09-29 09:45:49.256030-04:00,34.71,1.0,34.76,90.0,18.21,1037.0,18.22,377.0,16.61,2916.0,16.62,2473.0,52.29,91.0,52.34,109.0,16.27,78.0,16.29,369.0,24.45,64.0,24.48,619.0,67.97,2.0,68.14,2.0
2021-09-29 09:45:49.256030-04:00,34.71,1.0,34.76,90.0,18.21,1327.0,18.22,359.0,16.61,2916.0,16.62,2473.0,52.29,91.0,52.34,109.0,16.27,78.0,16.29,369.0,24.45,64.0,24.48,619.0,67.97,2.0,68.14,2.0
2021-09-29 09:45:49.256030-04:00,34.71,1.0,34.76,90.0,18.21,1327.0,18.22,359.0,16.61,2916.0,16.62,2473.0,52.3,97.0,52.36,56.0,16.27,78.0,16.29,369.0,24.45,64.0,24.48,619.0,67.97,2.0,68.14,2.0
2021-09-29 09:45:58.461758-04:00,34.69,19.0,34.74,30.0,18.21,1327.0,18.22,359.0,16.61,2916.0,16.62,2473.0,52.3,97.0,52.36,56.0,16.27,78.0,16.29,369.0,24.45,64.0,24.48,619.0,67.97,2.0,68.14,2.0
2021-09-29 09:45:58.461758-04:00,34.69,19.0,34.74,30.0,18.21,1327.0,18.22,359.0,16.61,2177.0,16.62,2381.0,52.3,97.0,52.36,56.0,16.27,78.0,16.29,369.0,24.45,64.0,24.48,619.0,67.97,2.0,68.14,2.0
2021-09-29 09:45:58.461758-04:00,34.69,19.0,34.74,30.0,18.21,1327.0,18.22,359.0,16.61,2177.0,16.62,2381.0,52.3,97.0,52.36,56.0,16.27,78.0,16.29,369.0,24.45,64.0,24.48,619.0,67.97,3.0,68.14,1.0
2021-09-29 09:45:58.461758-04:00,34.69,19.0,34.74,30.0,18.21,1327.0,18.22,359.0,16.61,2177.0,16.62,2381.0,52.3,97.0,52.36,56.0,16.27,78.0,16.29,307.0,24.45,64.0,24.48,620.0,67.97,3.0,68.14,1.0
2021-09-29 09:45:58.461758-04:00,34.69,19.0,34.74,30.0,18.21,403.0,18.22,1157.0,16.61,2177.0,16.62,2381.0,52.3,97.0,52.36,56.0,16.27,78.0,16.29,307.0,24.45,64.0,24.48,620.0,67.97,3.0,68.14,1.0
2021-09-29 09:45:58.461758-04:00,34.69,19.0,34.74,30.0,18.21,403.0,18.22,1157.0,16.61,2177.0,16.62,2381.0,52.3,97.0,52.36,56.0,16.27,78.0,16.29,367.0,24.45,64.0,24.48,620.0,67.97,3.0,68.14,1.0
2021-09-29 09:45:58.461758-04:00,34.69,19.0,34.74,30.0,18.21,403.0,18.22,1157.0,16.61,2877.0,16.62,2512.0,52.3,97.0,52.36,56.0,16.27,78.0,16.29,367.0,24.45,64.0,24.48,620.0,67.97,3.0,68.14,1.0
2021-09-29 09:46:07.440385-04:00,34.69,37.0,34.75,103.0,18.21,403.0,18.22,1157.0,16.61,2877.0,16.62,2512.0,52.3,97.0,52.36,56.0,16.27,78.0,16.29,367.0,24.45,64.0,24.48,620.0,67.97,3.0,68.14,1.0
2021-09-29 09:46:07.440385-04:00,34.69,37.0,34.75,103.0,18.21,403.0,18.22,1157.0,16.61,2877.0,16.62,2512.0,52.3,85.0,52.35,38.0,16.27,78.0,16.29,367.0,24.45,64.0,24.48,620.0,67.97,3.0,68.14,1.0
2021-09-29 09:46:07.440385-04:00,34.69,37.0,34.75,103.0,18.21,470.0,18.22,1299.0,16.61,2877.0,16.62,2512.0,52.3,85.0,52.35,38.0,16.27,78.0,16.29,367.0,24.45,64.0,24.48,620.0,67.97,3.0,68.14,1.0
2021-09-29 09:46:07.440385-04:00,34.69,37.0,34.75,103.0,18.21,470.0,18.22,1299.0,16.61,2877.0,16.62,2512.0,52.3,85.0,52.35,38.0,16.27,78.0,16.29,367.0,24.45,64.0,24.48,620.0,67.97,3.0,68.15,2.0
2021-09-29 09:46:07.440385-04:00,34.69,37.0,34.75,103.0,18.21,470.0,18.22,1299.0,16.61,2877.0,16.62,2512.0,52.31,6.0,52.35,90.0,16.27,78.0,16.29,367.0,24.45,64.0,24.48,620.0,67.97,3.0,68.15,2.0
2021-09-29 09:46:07.440385-04:00,34.69,37.0,34.75,103.0,18.21,470.0,18.22,1299.0,16.61,2333.0,16.62,2522.0,52.31,6.0,52.35,90.0,16.27,78.0,16.29,367.0,24.45,64.0,24.48,620.0,67.97,3.0,68.15,2.0
2021-09-29 09:46:18.492994-04:00,34.69,38.0,34.75,109.0,18.21,189.0,18.22,1338.0,16.61,2333.0,16.62,2522.0,52.31,6.0,52.35,90.0,16.27,78.0,16.29,367.0,24.45,64.0,24.48,620.0,67.97,3.0,68.15,2.0
2021-09-29 09:46:29.425765-04:00,34.64,19.0,34.69,22.0,18.21,189.0,18.22,1338.0,16.6,418.0,16.61,3151.0,52.31,6.0,52.35,90.0,16.27,78.0,16.29,367.0,24.45,64.0,24.48,620.0,67.97,4.0,68.15,1.0
2021-09-29 09:46:29.425765-04:00,34.64,19.0,34.69,22.0,18.21,189.0,18.22,1338.0,16.6,418.0,16.61,3151.0,52.35,73.0,52.4,127.0,16.27,78.0,16.29,367.0,24.45,48.0,24.47,18.0,67.97,4.0,68.15,1.0
2021-09-29 09:46:29.425765-04:00,34.64,19.0,34.69,22.0,18.21,189.0,18.22,1338.0,16.6,418.0,16.61,3151.0,52.35,73.0,52.4,127.0,16.27,66.0,16.29,396.0,24.45,48.0,24.47,18.0,67.97,4.0,68.15,1.0
2021-09-29 09:46:29.425765-04:00,34.64,19.0,34.69,22.0,18.19,121.0,18.2,1827.0,16.6,418.0,16.61,3151.0,52.35,73.0,52.4,127.0,16.27,66.0,16.29,396.0,24.45,48.0,24.47,18.0,67.97,4.0,68.15,1.0
2021-09-29 09:46:29.425765-04:00,34.64,19.0,34.69,22.0,18.19,121.0,18.2,1827.0,16.6,2644.0,16.61,2836.0,52.35,73.0,52.4,127.0,16.27,66.0,16.29,396.0,24.45,48.0,24.47,18.0,67.97,4.0,68.15,1.0
2021-09-29 09:46:38.528428-04:00,34.64,38.0,34.68,1.0,18.19,121.0,18.2,1827.0,16.6,2644.0,16.61,2836.0,52.35,73.0,52.4,127.0,16.27,66.0,16.29,396.0,24.45,50.0,24.47,20.0,67.97,4.0,68.15,1.0
2021-09-29 09:46:38.528428-04:00,34.64,38.0,34.68,1.0,18.19,121.0,18.2,1827.0,16.6,2644.0,16.61,2836.0,52.36,126.0,52.4,90.0,16.27,66.0,16.29,396.0,24.45,50.0,24.47,20.0,67.97,4.0,68.15,1.0
2021-09-29 09:46:38.528428-04:00,34.64,38.0,34.68,1.0,18.19,121.0,18.2,1827.0,16.6,2644.0,16.61,2836.0,52.36,126.0,52.4,90.0,16.27,70.0,16.28,61.0,24.45,50.0,24.47,20.0,67.97,4.0,68.15,1.0
2021-09-29 09:46:38.528428-04:00,34.64,38.0,34.68,1.0,18.19,1269.0,18.2,1343.0,16.6,2644.0,16.61,2836.0,52.36,126.0,52.4,90.0,16.27,70.0,16.28,61.0,24.45,50.0,24.47,20.0,67.97,4.0,68.15,1.0
2021-09-29 09:46:44.249131-04:00,34.64,38.0,34.68,1.0,18.19,1269.0,18.2,1343.0,16.6,2644.0,16.61,2836.0,52.36,126.0,52.4,90.0,16.27,70.0,16.28,61.0,24.45,50.0,24.47,20.0,67.98,71.0,68.18,2.0
2021-09-29 09:46:44.249131-04:00,34.64,38.0,34.68,1.0,18.19,1269.0,18.2,1343.0,16.6,2644.0,16.61,2836.0,52.36,126.0,52.4,90.0,16.27,70.0,16.28,61.0,24.45,46.0,24.47,342.0,67.98,71.0,68.18,2.0
2021-09-29 09:46:44.249131-04:00,34.64,38.0,34.68,1.0,18.19,1269.0,18.2,1343.0,16.6,2644.0,16.61,2836.0,52.36,126.0,52.4,90.0,16.27,75.0,16.28,34.0,24.45,46.0,24.47,342.0,67.98,71.0,68.18,2.0
2021-09-29 09:46:44.249131-04:00,34.64,38.0,34.68,1.0,18.19,1269.0,18.2,1343.0,16.6,2147.0,16.61,3485.0,52.36,126.0,52.4,90.0,16.27,75.0,16.28,34.0,24.45,46.0,24.47,342.0,67.98,71.0,68.18,2.0
2021-09-29 09:46:47.256091-04:00,34.64,1.0,34.67,21.0,18.19,1269.0,18.2,1343.0,16.6,2147.0,16.61,3485.0,52.36,126.0,52.4,90.0,16.27,75.0,16.28,34.0,24.45,46.0,24.47,342.0,67.98,71.0,68.18,2.0
2021-09-29 09:46:47.256091-04:00,34.64,1.0,34.67,21.0,18.18,1248.0,18.19,692.0,16.6,2147.0,16.61,3485.0,52.36,126.0,52.4,90.0,16.27,75.0,16.28,34.0,24.45,46.0,24.47,342.0,67.98,71.0,68.18,2.0
2021-09-29 09:46:47.256091-04:00,34.64,1.0,34.67,21.0,18.18,1248.0,18.19,692.0,16.6,2147.0,16.61,3485.0,52.38,4.0,52.43,109.0,16.27,75.0,16.28,34.0,24.45,46.0,24.47,342.0,67.98,71.0,68.18,2.0
2021-09-29 09:46:47.256091-04:00,34.64,1.0,34.67,21.0,18.18,1248.0,18.19,692.0,16.6,2147.0,16.61,3485.0,52.38,4.0,52.43,109.0,16.27,75.0,16.28,34.0,24.45,46.0,24.47,342.0,67.98,4.0,68.18,2.0
2021-09-29 09:46:56.286950-04:00,34.64,2.0,34.69,37.0,18.18,1248.0,18.19,692.0,16.6,2147.0,16.61,3485.0,52.38,4.0,52.43,109.0,16.27,75.0,16.28,34.0,24.45,46.0,24.47,342.0,67.98,4.0,68.18,2.0
2021-09-29 09:46:56.286950-04:00,34.64,2.0,34.69,37.0,18.18,1248.0,18.19,692.0,16.6,2147.0,16.61,3485.0,52.38,4.0,52.43,109.0,16.27,61.0,16.28,4.0,24.45,46.0,24.47,342.0,67.98,4.0,68.18,2.0
2021-09-29 09:46:56.286950-04:00,34.64,2.0,34.69,37.0,18.18,1248.0,18.19,692.0,16.6,2349.0,16.61,2809.0,52.38,4.0,52.43,109.0,16.27,61.0,16.28,4.0,24.45,61.0,24.47,16.0,67.98,4.0,68.18,2.0
2021-09-29 09:46:56.286950-04:00,34.64,2.0,34.69,37.0,18.18,1248.0,18.19,692.0,16.6,2349.0,16.61,2809.0,52.36,91.0,52.41,91.0,16.27,61.0,16.28,4.0,24.45,61.0,24.47,16.0,67.98,4.0,68.18,2.0
2021-09-29 09:46:56.286950-04:00,34.64,2.0,34.69,37.0,18.19,566.0,18.2,1494.0,16.6,2349.0,16.61,2809.0,52.36,91.0,52.41,91.0,16.27,61.0,16.28,4.0,24.45,61.0,24.47,16.0,67.98,4.0,68.18,2.0
2021-09-29 09:46:56.286950-04:00,34.64,2.0,34.69,37.0,18.19,566.0,18.2,1494.0,16.6,2349.0,16.61,2809.0,52.36,91.0,52.41,91.0,16.27,61.0,16.28,4.0,24.45,61.0,24.47,16.0,67.98,2.0,68.18,2.0
2021-09-29 09:46:56.286950-04:00,34.64,2.0,34.69,37.0,18.19,566.0,18.2,1494.0,16.6,2349.0,16.61,2809.0,52.36,91.0,52.41,91.0,16.27,61.0,16.28,4.0,24.45,55.0,24.47,21.0,67.98,2.0,68.18,2.0
2021-09-29 09:46:56.286950-04:00,34.64,2.0,34.69,37.0,18.19,566.0,18.2,1494.0,16.6,2349.0,16.61,2809.0,52.36,91.0,52.41,91.0,16.27,67.0,16.28,4.0,24.45,55.0,24.47,21.0,67.98,2.0,68.18,2.0
2021-09-29 09:46:56.286950-04:00,34.64,2.0,34.69,37.0,18.19,566.0,18.2,1494.0,16.6,3526.0,16.61,21.0,52.36,91.0,52.41,91.0,16.27,67.0,16.28,4.0,24.45,55.0,24.47,21.0,67.98,2.0,68.18,2.0
2021-09-29 09:47:09.677146-04:00,34.67,1.0,34.72,132.0,18.19,566.0,18.2,1494.0,16.6,3526.0,16.61,21.0,52.33,133.0,52.38,92.0,16.27,67.0,16.28,4.0,24.45,55.0,24.47,21.0,67.98,2.0,68.18,2.0
2021-09-29 09:47:09.677146-04:00,34.67,1.0,34.72,132.0,18.2,726.0,18.21,872.0,16.6,3526.0,16.61,21.0,52.33,133.0,52.38,92.0,16.27,67.0,16.28,4.0,24.45,55.0,24.47,21.0,67.98,2.0,68.18,2.0
2021-09-29 09:47:14.306768-04:00,34.67,1.0,34.71,114.0,18.2,726.0,18.21,872.0,16.6,3526.0,16.61,21.0,52.33,133.0,52.38,92.0,16.27,67.0,16.28,4.0,24.45,55.0,24.47,21.0,67.98,2.0,68.18,2.0
2021-09-29 09:47:15.308094-04:00,34.67,1.0,34.71,114.0,18.2,726.0,18.21,872.0,16.6,3526.0,16.61,21.0,52.33,133.0,52.38,92.0,16.27,67.0,16.28,4.0,24.45,55.0,24.47,21.0,67.98,4.0,68.18,2.0
2021-09-29 09:47:15.308094-04:00,34.67,1.0,34.71,114.0,18.2,726.0,18.21,872.0,16.6,3005.0,16.61,1690.0,52.33,133.0,52.38,92.0,16.27,67.0,16.28,4.0,24.45,55.0,24.47,21.0,67.98,4.0,68.18,2.0
2021-09-29 09:47:15.308094-04:00,34.67,1.0,34.71,114.0,18.2,726.0,18.21,872.0,16.6,3005.0,16.61,1690.0,52.34,76.0,52.39,91.0,16.27,67.0,16.28,4.0,24.45,55.0,24.47,21.0,67.98,4.0,68.18,2.0
2021-09-29 09:47:15.308094-04:00,34.67,1.0,34.71,114.0,18.2,363.0,18.21,1361.0,16.6,3005.0,16.61,1690.0,52.34,76.0,52.39,91.0,16.27,67.0,16.28,4.0,24.45,55.0,24.47,21.0,67.98,4.0,68.18,2.0
2021-09-29 09:47:15.308094-04:00,34.67,1.0,34.71,114.0,18.2,363.0,18.21,1361.0,16.6,3458.0,16.61,51.0,52.34,76.0,52.39,91.0,16.27,67.0,16.28,4.0,24.45,55.0,24.47,21.0,67.98,4.0,68.18,2.0
2021-09-29 09:47:28.331272-04:00,34.67,1.0,34.72,54.0,18.2,363.0,18.21,1361.0,16.6,3458.0,16.61,51.0,52.34,76.0,52.39,91.0,16.27,67.0,16.28,4.0,24.45,55.0,24.47,21.0,67.98,4.0,68.18,2.0
2021-09-29 09:47:28.331272-04:00,34.67,1.0,34.72,54.0,18.2,809.0,18.21,780.0,16.6,3458.0,16.61,51.0,52.33,55.0,52.38,45.0,16.27,67.0,16.28,4.0,24.45,55.0,24.47,21.0,67.98,4.0,68.18,2.0
2021-09-29 09:47:28.331272-04:00,34.67,1.0,34.72,54.0,18.2,809.0,18.21,780.0,16.6,3458.0,16.61,51.0,52.33,55.0,52.38,45.0,16.27,72.0,16.29,335.0,24.45,55.0,24.47,21.0,67.98,4.0,68.18,2.0
2021-09-29 09:47:28.331272-04:00,34.67,1.0,34.72,54.0,18.2,809.0,18.21,780.0,16.6,3458.0,16.61,51.0,52.33,55.0,52.38,45.0,16.27,72.0,16.29,335.0,24.45,55.0,24.47,21.0,67.98,2.0,68.18,2.0
2021-09-29 09:47:28.331272-04:00,34.67,1.0,34.72,54.0,18.2,809.0,18.21,780.0,16.61,2764.0,16.62,3332.0,52.33,55.0,52.38,45.0,16.27,72.0,16.29,335.0,24.45,55.0,24.47,21.0,67.98,2.0,68.18,2.0
2021-09-29 09:47:38.389382-04:00,34.69,52.0,34.74,42.0,18.2,809.0,18.21,780.0,16.61,2764.0,16.62,3332.0,52.33,55.0,52.38,45.0,16.27,72.0,16.29,335.0,24.45,55.0,24.47,21.0,67.98,2.0,68.18,2.0
2021-09-29 09:47:38.389382-04:00,34.69,52.0,34.74,42.0,18.2,809.0,18.21,780.0,16.61,2764.0,16.62,3332.0,52.31,90.0,52.35,7.0,16.27,72.0,16.29,335.0,24.45,55.0,24.47,21.0,67.98,2.0,68.18,2.0
2021-09-29 09:47:38.389382-04:00,34.69,52.0,34.74,42.0,18.21,600.0,18.22,1323.0,16.61,2764.0,16.62,3332.0,52.31,90.0,52.35,7.0,16.27,72.0,16.29,335.0,24.45,55.0,24.47,21.0,67.98,2.0,68.18,2.0
2021-09-29 09:47:46.363062-04:00,34.69,52.0,34.74,42.0,18.21,600.0,18.22,1323.0,16.61,2764.0,16.62,3332.0,52.31,90.0,52.35,7.0,16.27,72.0,16.29,335.0,24.45,55.0,24.47,6.0,67.98,2.0,68.18,2.0
2021-09-29 09:47:46.363062-04:00,34.69,52.0,34.74,42.0,18.21,600.0,18.22,1323.0,16.61,2764.0,16.62,3332.0,52.31,90.0,52.35,7.0,16.27,73.0,16.29,320.0,24.45,55.0,24.47,6.0,67.98,2.0,68.18,2.0
2021-09-29 09:47:49.832786-04:00,34.69,52.0,34.74,42.0,18.21,600.0,18.22,1323.0,16.61,3755.0,16.62,1995.0,52.31,90.0,52.35,7.0,16.27,73.0,16.29,320.0,24.45,55.0,24.47,6.0,67.98,2.0,68.18,2.0
2021-09-29 09:47:49.836776-04:00,34.72,1.0,34.77,90.0,18.21,600.0,18.22,1323.0,16.61,3755.0,16.62,1995.0,52.31,90.0,52.35,7.0,16.27,73.0,16.29,320.0,24.45,55.0,24.47,6.0,67.98,2.0,68.18,2.0
2021-09-29 09:47:49.836776-04:00,34.72,1.0,34.77,90.0,18.21,600.0,18.22,1323.0,16.61,3755.0,16.62,1995.0,52.28,90.0,52.33,110.0,16.27,73.0,16.29,320.0,24.45,55.0,24.47,6.0,67.98,2.0,68.18,2.0
2021-09-29 09:47:49.836776-04:00,34.72,1.0,34.77,90.0,18.22,487.0,18.23,1365.0,16.61,3755.0,16.62,1995.0,52.28,90.0,52.33,110.0,16.27,73.0,16.29,320.0,24.45,55.0,24.47,6.0,67.98,2.0,68.18,2.0
2021-09-29 09:47:56.381278-04:00,34.72,1.0,34.74,90.0,18.22,487.0,18.23,1365.0,16.61,3755.0,16.62,1995.0,52.28,90.0,52.33,110.0,16.27,73.0,16.29,320.0,24.45,55.0,24.47,6.0,67.98,2.0,68.18,2.0
2021-09-29 09:47:56.381278-04:00,34.72,1.0,34.74,90.0,18.22,487.0,18.23,1365.0,16.61,3755.0,16.62,1995.0,52.28,90.0,52.33,110.0,16.27,73.0,16.29,320.0,24.45,59.0,24.47,6.0,67.98,2.0,68.18,2.0
2021-09-29 09:47:56.381278-04:00,34.72,1.0,34.74,90.0,18.22,487.0,18.23,1365.0,16.61,3755.0,16.62,1995.0,52.28,90.0,52.33,110.0,16.27,70.0,16.29,345.0,24.45,59.0,24.47,6.0,67.98,2.0,68.18,2.0
2021-09-29 09:47:57.381602-04:00,34.72,1.0,34.74,90.0,18.22,487.0,18.23,1365.0,16.61,3197.0,16.62,2904.0,52.28,90.0,52.33,110.0,16.27,70.0,16.29,345.0,24.45,59.0,24.47,6.0,67.98,2.0,68.18,2.0
2021-09-29 09:47:57.381602-04:00,34.72,1.0,34.74,90.0,18.22,487.0,18.23,1365.0,16.61,3197.0,16.62,2904.0,52.31,90.0,52.36,19.0,16.27,70.0,16.29,345.0,24.45,59.0,24.47,6.0,67.98,2.0,68.18,2.0
2021-09-29 09:47:57.381602-04:00,34.72,1.0,34.74,90.0,18.21,596.0,18.22,1388.0,16.61,3197.0,16.62,2904.0,52.31,90.0,52.36,19.0,16.27,70.0,16.29,345.0,24.45,59.0,24.47,6.0,67.98,2.0,68.18,2.0
2021-09-29 09:47:57.381602-04:00,34.72,1.0,34.74,90.0,18.21,596.0,18.22,1388.0,16.61,3197.0,16.62,2904.0,52.31,90.0,52.36,19.0,16.27,70.0,16.29,377.0,24.45,59.0,24.47,6.0,67.98,2.0,68.18,2.0
2021-09-29 09:48:05.398186-04:00,34.72,1.0,34.74,90.0,18.21,596.0,18.22,1388.0,16.61,3093.0,16.62,3172.0,52.31,90.0,52.36,19.0,16.27,70.0,16.29,377.0,24.45,59.0,24.47,6.0,67.98,2.0,68.18,2.0
2021-09-29 09:48:08.441034-04:00,34.68,44.0,34.74,108.0,18.21,596.0,18.22,1388.0,16.61,3093.0,16.62,3172.0,52.31,90.0,52.36,19.0,16.27,70.0,16.29,377.0,24.45,59.0,24.47,6.0,67.98,2.0,68.18,2.0
2021-09-29 09:48:08.441034-04:00,34.68,44.0,34.74,108.0,18.21,596.0,18.22,1388.0,16.61,3093.0,16.62,3172.0,52.31,108.0,52.36,20.0,16.27,70.0,16.29,377.0,24.45,59.0,24.47,6.0,67.98,2.0,68.18,2.0
2021-09-29 09:48:08.441034-04:00,34.68,44.0,34.74,108.0,18.21,238.0,18.22,1722.0,16.61,3093.0,16.62,3172.0,52.31,108.0,52.36,20.0,16.27,70.0,16.29,377.0,24.45,59.0,24.47,6.0,67.98,2.0,68.18,2.0
2021-09-29 09:48:08.441034-04:00,34.68,44.0,34.74,108.0,18.21,238.0,18.22,1722.0,16.61,3093.0,16.62,3172.0,52.31,108.0,52.36,20.0,16.27,70.0,16.28,1.0,24.45,59.0,24.47,6.0,67.98,2.0,68.18,2.0
2021-09-29 09:48:17.419031-04:00,34.71,1.0,34.74,90.0,18.21,238.0,18.22,1722.0,16.61,3093.0,16.62,3172.0,52.31,108.0,52.36,20.0,16.27,70.0,16.28,1.0,24.45,59.0,24.47,6.0,67.98,2.0,68.18,2.0
2021-09-29 09:48:17.419031-04:00,34.71,1.0,34.74,90.0,18.21,238.0,18.22,1722.0,16.61,3095.0,16.62,2986.0,52.31,108.0,52.36,20.0,16.27,70.0,16.28,1.0,24.45,59.0,24.47,6.0,67.98,2.0,68.18,2.0
2021-09-29 09:48:17.419031-04:00,34.71,1.0,34.74,90.0,18.21,238.0,18.22,1722.0,16.61,3095.0,16.62,2986.0,52.31,108.0,52.36,20.0,16.27,70.0,16.28,1.0,24.45,60.0,24.47,6.0,67.98,2.0,68.18,2.0
2021-09-29 09:48:17.419031-04:00,34.71,1.0,34.74,90.0,18.21,238.0,18.22,1722.0,16.61,3095.0,16.62,2986.0,52.31,90.0,52.36,74.0,16.27,70.0,16.28,1.0,24.45,60.0,24.47,6.0,67.98,2.0,68.18,2.0
2021-09-29 09:48:17.419031-04:00,34.71,1.0,34.74,90.0,18.21,323.0,18.22,1460.0,16.61,3095.0,16.62,2986.0,52.31,90.0,52.36,74.0,16.27,70.0,16.28,1.0,24.45,60.0,24.47,6.0,67.98,2.0,68.18,2.0
2021-09-29 09:48:17.419031-04:00,34.71,1.0,34.74,90.0,18.21,323.0,18.22,1460.0,16.61,3095.0,16.62,2986.0,52.31,90.0,52.36,74.0,16.27,68.0,16.28,1.0,24.45,60.0,24.47,6.0,67.98,2.0,68.18,2.0
2021-09-29 09:48:17.419031-04:00,34.71,1.0,34.74,90.0,18.21,323.0,18.22,1460.0,16.61,3095.0,16.62,2986.0,52.31,90.0,52.36,74.0,16.27,68.0,16.28,1.0,24.46,27.0,24.47,6.0,67.98,2.0,68.18,2.0
2021-09-29 09:48:30.132593-04:00,34.69,3.0,34.73,18.0,18.21,323.0,18.22,1460.0,16.61,3095.0,16.62,2986.0,52.31,90.0,52.36,74.0,16.27,68.0,16.28,1.0,24.46,27.0,24.47,6.0,67.98,2.0,68.18,2.0
2021-09-29 09:48:30.132593-04:00,34.69,3.0,34.73,18.0,18.21,323.0,18.22,1460.0,16.61,3095.0,16.62,2986.0,52.32,37.0,52.36,55.0,16.27,68.0,16.28,1.0,24.46,27.0,24.47,6.0,67.98,2.0,68.18,2.0
2021-09-29 09:48:30.132593-04:00,34.69,3.0,34.73,18.0,18.21,323.0,18.22,1460.0,16.61,2982.0,16.62,3235.0,52.32,37.0,52.36,55.0,16.27,68.0,16.28,1.0,24.46,27.0,24.47,6.0,67.98,2.0,68.18,2.0
2021-09-29 09:48:30.132593-04:00,34.69,3.0,34.73,18.0,18.21,175.0,18.22,2057.0,16.61,2982.0,16.62,3235.0,52.32,37.0,52.36,55.0,16.27,68.0,16.28,1.0,24.46,27.0,24.47,6.0,67.98,2.0,68.18,2.0
2021-09-29 09:48:30.132593-04:00,34.69,3.0,34.73,18.0,18.21,175.0,18.22,2057.0,16.61,2982.0,16.62,3235.0,52.32,37.0,52.36,55.0,16.27,83.0,16.28,1.0,24.46,27.0,24.47,6.0,67.98,2.0,68.18,2.0
2021-09-29 09:48:30.132593-04:00,34.69,3.0,34.73,18.0,18.21,175.0,18.22,2057.0,16.61,2982.0,16.62,3235.0,52.32,37.0,52.36,55.0,16.27,83.0,16.28,1.0,24.46,27.0,24.47,6.0,67.98,4.0,68.18,2.0
2021-09-29 09:48:30.132593-04:00,34.69,3.0,34.73,18.0,18.21,175.0,18.22,2057.0,16.61,2982.0,16.62,3235.0,52.32,37.0,52.36,55.0,16.27,83.0,16.28,1.0,24.45,80.0,24.47,6.0,67.98,4.0,68.18,2.0
2021-09-29 09:48:30.132593-04:00,34.69,3.0,34.73,18.0,18.21,175.0,18.22,2057.0,16.61,246.0,16.62,3521.0,52.32,37.0,52.36,55.0,16.27,83.0,16.28,1.0,24.45,80.0,24.47,6.0,67.98,4.0,68.18,2.0
2021-09-29 09:48:30.132593-04:00,34.69,3.0,34.73,18.0,18.2,1208.0,18.21,899.0,16.61,246.0,16.62,3521.0,52.32,37.0,52.36,55.0,16.27,83.0,16.28,1.0,24.45,80.0,24.47,6.0,67.98,4.0,68.18,2.0
2021-09-29 09:48:38.495234-04:00,34.69,2.0,34.72,18.0,18.2,1208.0,18.21,899.0,16.61,246.0,16.62,3521.0,52.32,37.0,52.36,55.0,16.27,83.0,16.28,1.0,24.45,80.0,24.47,6.0,67.98,4.0,68.18,2.0
2021-09-29 09:48:38.495234-04:00,34.69,2.0,34.72,18.0,18.2,1208.0,18.21,899.0,16.61,246.0,16.62,3521.0,52.33,19.0,52.37,15.0,16.27,83.0,16.28,1.0,24.45,80.0,24.47,6.0,67.98,4.0,68.18,2.0
2021-09-29 09:48:38.495234-04:00,34.69,2.0,34.72,18.0,18.2,1208.0,18.21,899.0,16.61,246.0,16.62,3521.0,52.33,19.0,52.37,15.0,16.27,83.0,16.28,1.0,24.45,81.0,24.46,15.0,67.98,4.0,68.18,2.0
2021-09-29 09:48:47.220905-04:00,34.69,2.0,34.72,18.0,18.19,1333.0,18.2,286.0,16.61,246.0,16.62,3521.0,52.33,19.0,52.37,15.0,16.27,83.0,16.28,1.0,24.45,81.0,24.46,15.0,67.98,4.0,68.18,2.0
2021-09-29 09:48:48.517441-04:00,34.65,50.0,34.7,90.0,18.19,1333.0,18.2,286.0,16.61,22.0,16.62,5160.0,52.33,19.0,52.37,15.0,16.27,83.0,16.28,1.0,24.45,81.0,24.46,15.0,67.98,4.0,68.18,2.0
2021-09-29 09:48:48.517441-04:00,34.65,50.0,34.7,90.0,18.19,1333.0,18.2,286.0,16.61,22.0,16.62,5160.0,52.35,73.0,52.39,43.0,16.27,83.0,16.28,1.0,24.45,81.0,24.46,15.0,67.98,4.0,68.18,2.0
2021-09-29 09:48:48.517441-04:00,34.65,50.0,34.7,90.0,18.2,311.0,18.21,2081.0,16.61,22.0,16.62,5160.0,52.35,73.0,52.39,43.0,16.27,83.0,16.28,1.0,24.45,81.0,24.46,15.0,67.98,4.0,68.18,2.0
2021-09-29 09:48:58.529673-04:00,34.66,80.0,34.71,54.0,18.2,311.0,18.21,2081.0,16.61,2056.0,16.62,3707.0,52.35,73.0,52.39,43.0,16.27,83.0,16.28,1.0,24.45,81.0,24.46,15.0,67.98,4.0,68.18,2.0
2021-09-29 09:48:58.529673-04:00,34.66,80.0,34.71,54.0,18.2,311.0,18.21,2081.0,16.61,2056.0,16.62,3707.0,52.34,73.0,52.38,25.0,16.27,83.0,16.28,1.0,24.45,81.0,24.46,15.0,67.98,4.0,68.18,2.0
2021-09-29 09:48:58.529673-04:00,34.66,80.0,34.71,54.0,18.2,311.0,18.21,2081.0,16.61,2056.0,16.62,3707.0,52.34,73.0,52.38,25.0,16.27,83.0,16.29,239.0,24.45,81.0,24.46,15.0,67.98,4.0,68.18,2.0
2021-09-29 09:48:58.529673-04:00,34.66,80.0,34.71,54.0,18.2,1135.0,18.21,1595.0,16.61,2056.0,16.62,3707.0,52.34,73.0,52.38,25.0,16.27,83.0,16.29,239.0,24.45,81.0,24.46,15.0,67.98,4.0,68.18,2.0
2021-09-29 09:49:10.420878-04:00,34.67,9.0,34.71,19.0,18.2,1135.0,18.21,1595.0,16.61,2056.0,16.62,3707.0,52.34,73.0,52.38,25.0,16.27,83.0,16.29,239.0,24.45,81.0,24.46,15.0,67.98,4.0,68.18,2.0
2021-09-29 09:49:10.420878-04:00,34.67,9.0,34.71,19.0,18.2,1135.0,18.21,1595.0,16.61,2202.0,16.62,3636.0,52.33,73.0,52.38,87.0,16.27,83.0,16.29,239.0,24.45,81.0,24.46,15.0,67.98,4.0,68.18,2.0
2021-09-29 09:49:10.420878-04:00,34.67,9.0,34.71,19.0,18.2,1135.0,18.21,1595.0,16.61,2202.0,16.62,3636.0,52.33,73.0,52.38,87.0,16.27,88.0,16.29,239.0,24.45,81.0,24.46,15.0,67.98,4.0,68.18,2.0
2021-09-29 09:49:10.420878-04:00,34.67,9.0,34.71,19.0,18.2,986.0,18.21,1457.0,16.61,2202.0,16.62,3636.0,52.33,73.0,52.38,87.0,16.27,88.0,16.29,239.0,24.45,81.0,24.46,15.0,67.98,4.0,68.18,2.0
2021-09-29 09:49:18.268896-04:00,34.66,158.0,34.72,90.0,18.2,986.0,18.21,1457.0,16.61,2202.0,16.62,3636.0,52.33,73.0,52.38,87.0,16.27,88.0,16.29,239.0,24.45,81.0,24.46,15.0,67.98,4.0,68.18,2.0
2021-09-29 09:49:18.268896-04:00,34.66,158.0,34.72,90.0,18.2,986.0,18.21,1457.0,16.61,2199.0,16.62,3633.0,52.33,91.0,52.38,87.0,16.27,88.0,16.29,239.0,24.45,81.0,24.46,15.0,67.98,4.0,68.18,2.0
2021-09-29 09:49:18.268896-04:00,34.66,158.0,34.72,90.0,18.2,986.0,18.21,1457.0,16.61,2199.0,16.62,3633.0,52.33,91.0,52.38,87.0,16.27,88.0,16.29,329.0,24.45,81.0,24.46,15.0,67.98,4.0,68.18,2.0
2021-09-29 09:49:18.268896-04:00,34.66,158.0,34.72,90.0,18.2,986.0,18.21,1457.0,16.61,2743.0,16.62,2826.0,52.33,91.0,52.38,87.0,16.27,88.0,16.29,329.0,24.45,81.0,24.46,15.0,67.98,4.0,68.18,2.0
2021-09-29 09:49:18.268896-04:00,34.66,158.0,34.72,90.0,18.21,158.0,18.22,1781.0,16.61,2743.0,16.62,2826.0,52.33,91.0,52.38,87.0,16.27,88.0,16.29,329.0,24.45,81.0,24.46,15.0,67.98,4.0,68.18,2.0
