time,bid1,bid_size1,ask1,ask_size1,bid2,bid_size2,ask2,ask_size2,bid3,bid_size3,ask3,ask_size3,bid4,bid_size4,ask4,ask_size4,bid5,bid_size5,ask5,ask_size5,bid6,bid_size6,ask6,ask_size6,bid7,bid_size7,ask7,ask_size7
2021-09-27 09:30:07.701313-04:00,33.91,14.0,33.99,70.0,17.92,180.0,17.93,322.0,16.48,331.0,16.49,1369.0,53.19,65.0,53.3,12.0,16.22,59.0,16.24,293.0,24.41,60.0,24.43,162.0,68.16,15.0,68.58,2.0
2021-09-27 09:30:14.279726-04:00,33.91,14.0,33.99,70.0,17.92,180.0,17.93,322.0,16.47,610.0,16.48,449.0,53.19,65.0,53.3,12.0,16.22,59.0,16.24,293.0,24.41,60.0,24.43,162.0,68.16,15.0,68.58,2.0
2021-09-27 09:30:14.279726-04:00,33.91,14.0,33.99,70.0,17.92,180.0,17.93,322.0,16.47,610.0,16.48,449.0,53.19,65.0,53.3,12.0,16.22,59.0,16.24,293.0,24.41,60.0,24.43,150.0,68.16,15.0,68.58,2.0
2021-09-27 09:30:17.689610-04:00,33.89,37.0,33.99,70.0,17.92,180.0,17.93,322.0,16.47,610.0,16.48,449.0,53.19,65.0,53.3,12.0,16.22,59.0,16.24,293.0,24.41,60.0,24.43,150.0,68.16,15.0,68.58,2.0
2021-09-27 09:30:17.689610-04:00,33.89,37.0,33.99,70.0,17.92,180.0,17.93,322.0,16.47,610.0,16.48,449.0,53.19,65.0,53.28,73.0,16.22,59.0,16.24,293.0,24.41,60.0,24.43,150.0,68.16,15.0,68.58,2.0
2021-09-27 09:30:17.689610-04:00,33.89,37.0,33.99,70.0,17.91,918.0,17.93,321.0,16.47,610.0,16.48,449.0,53.19,65.0,53.28,73.0,16.22,59.0,16.24,293.0,24.41,60.0,24.43,150.0,68.16,15.0,68.58,2.0
2021-09-27 09:30:17.689610-04:00,33.89,37.0,33.99,70.0,17.91,918.0,17.93,321.0,16.47,610.0,16.48,449.0,53.19,65.0,53.28,73.0,16.23,66.0,16.24,1.0,24.41,60.0,24.43,150.0,68.16,15.0,68.58,2.0
2021-09-27 09:30:17.689610-04:00,33.89,37.0,33.99,70.0,17.94,500.0,17.95,246.0,16.49,292.0,16.5,1017.0,53.19,65.0,53.28,73.0,16.23,66.0,16.24,1.0,24.41,60.0,24.43,150.0,68.16,15.0,68.58,2.0
2021-09-27 09:30:17.689610-04:00,33.89,37.0,33.99,70.0,17.94,500.0,17.95,246.0,16.49,292.0,16.5,1017.0,53.19,65.0,53.28,73.0,16.23,66.0,16.24,1.0,24.42,67.0,24.43,2.0,68.16,15.0,68.58,2.0
2021-09-27 09:30:27.762677-04:00,33.97,70.0,34.05,4.0,17.94,500.0,17.95,246.0,16.49,292.0,16.5,1017.0,53.19,65.0,53.28,73.0,16.23,66.0,16.24,1.0,24.42,67.0,24.43,2.0,68.16,15.0,68.58,2.0
2021-09-27 09:30:27.762677-04:00,33.97,70.0,34.05,4.0,17.94,500.0,17.95,246.0,16.49,292.0,16.5,1017.0,53.12,69.0,53.2,65.0,16.23,66.0,16.24,1.0,24.42,67.0,24.43,2.0,68.16,15.0,68.58,2.0
2021-09-27 09:30:27.762677-04:00,33.97,70.0,34.05,4.0,17.94,500.0,17.95,246.0,16.49,292.0,16.5,1017.0,53.12,69.0,53.2,65.0,16.23,66.0,16.24,1.0,24.42,67.0,24.43,2.0,68.07,5.0,68.58,2.0
2021-09-27 09:30:27.762677-04:00,33.97,70.0,34.05,4.0,17.94,500.0,17.95,246.0,16.49,362.0,16.5,1435.0,53.12,69.0,53.2,65.0,16.23,66.0,16.24,1.0,24.42,67.0,24.43,2.0,68.07,5.0,68.58,2.0
2021-09-27 09:30:27.762677-04:00,33.97,70.0,34.05,4.0,17.94,233.0,17.96,412.0,16.49,362.0,16.5,1435.0,53.12,69.0,53.2,65.0,16.23,66.0,16.24,1.0,24.42,67.0,24.43,2.0,68.07,5.0,68.58,2.0
2021-09-27 09:30:27.762677-04:00,33.97,70.0,34.05,4.0,17.94,233.0,17.96,412.0,16.49,362.0,16.5,1435.0,53.11,69.0,53.19,13.0,16.23,66.0,16.24,1.0,24.42,67.0,24.43,2.0,68.07,5.0,68.58,2.0
2021-09-27 09:30:27.762677-04:00,33.97,70.0,34.05,4.0,17.94,233.0,17.96,412.0,16.49,362.0,16.5,1435.0,53.12,4.0,53.19,77.0,16.23,66.0,16.24,1.0,24.42,67.0,24.43,2.0,68.07,5.0,68.58,2.0
2021-09-27 09:30:27.762677-04:00,33.97,70.0,34.05,4.0,17.94,233.0,17.96,412.0,16.49,362.0,16.5,1435.0,53.12,4.0,53.19,77.0,16.23,66.0,16.24,41.0,24.42,67.0,24.43,2.0,68.07,5.0,68.58,2.0
2021-09-27 09:30:27.762677-04:00,33.97,70.0,34.05,4.0,17.94,233.0,17.96,412.0,16.49,554.0,16.5,1435.0,53.12,4.0,53.19,77.0,16.23,66.0,16.24,41.0,24.42,67.0,24.43,2.0,68.07,5.0,68.58,2.0
2021-09-27 09:30:47.744255-04:00,33.98,34.0,34.05,2.0,17.94,233.0,17.96,412.0,16.49,554.0,16.5,1435.0,53.12,4.0,53.19,77.0,16.23,66.0,16.24,41.0,24.42,67.0,24.43,2.0,68.07,5.0,68.58,2.0
2021-09-27 09:30:47.744255-04:00,33.98,34.0,34.05,2.0,17.94,1148.0,17.96,486.0,16.49,554.0,16.5,1435.0,53.12,4.0,53.19,77.0,16.23,66.0,16.24,41.0,24.42,67.0,24.43,2.0,68.07,5.0,68.58,2.0
2021-09-27 09:30:47.744255-04:00,33.98,34.0,34.05,2.0,17.94,1148.0,17.96,486.0,16.49,554.0,16.5,1435.0,53.12,4.0,53.19,77.0,16.23,66.0,16.24,1.0,24.42,67.0,24.43,2.0,68.07,5.0,68.58,2.0
2021-09-27 09:30:47.744255-04:00,33.98,34.0,34.05,2.0,17.94,1148.0,17.96,486.0,16.49,837.0,16.5,1455.0,53.12,4.0,53.19,77.0,16.23,66.0,16.24,1.0,24.42,67.0,24.43,2.0,68.07,5.0,68.58,2.0
2021-09-27 09:30:47.744255-04:00,33.98,34.0,34.05,2.0,17.94,1090.0,17.96,342.0,16.49,837.0,16.5,1455.0,53.12,4.0,53.19,77.0,16.23,66.0,16.24,1.0,24.42,67.0,24.43,2.0,68.07,5.0,68.58,2.0
2021-09-27 09:30:47.744255-04:00,33.98,34.0,34.05,2.0,17.94,1090.0,17.96,342.0,16.49,837.0,16.5,1455.0,53.12,2.0,53.18,16.0,16.23,66.0,16.24,1.0,24.42,67.0,24.43,2.0,68.07,5.0,68.58,2.0
2021-09-27 09:31:03.514091-04:00,33.97,70.0,34.05,74.0,17.94,1090.0,17.96,342.0,16.49,837.0,16.5,1455.0,53.12,2.0,53.18,16.0,16.23,66.0,16.24,1.0,24.42,67.0,24.43,2.0,68.07,5.0,68.58,2.0
2021-09-27 09:31:03.514091-04:00,33.97,70.0,34.05,74.0,17.94,236.0,17.95,384.0,16.49,837.0,16.5,1455.0,53.12,2.0,53.18,16.0,16.23,66.0,16.24,1.0,24.42,67.0,24.43,2.0,68.07,5.0,68.58,2.0
2021-09-27 09:31:03.514091-04:00,33.97,70.0,34.05,74.0,17.94,236.0,17.95,384.0,16.49,107.0,16.5,1455.0,53.12,2.0,53.18,16.0,16.23,66.0,16.24,1.0,24.42,67.0,24.43,2.0,68.07,5.0,68.58,2.0
2021-09-27 09:31:03.514091-04:00,33.97,70.0,34.05,74.0,17.94,236.0,17.95,384.0,16.49,107.0,16.5,1455.0,53.13,18.0,53.2,65.0,16.23,66.0,16.24,1.0,24.42,67.0,24.43,2.0,68.07,5.0,68.58,2.0
2021-09-27 09:31:03.514091-04:00,33.97,70.0,34.05,74.0,17.94,236.0,17.95,384.0,16.49,107.0,16.5,1455.0,53.13,18.0,53.2,65.0,16.23,70.0,16.24,56.0,24.42,67.0,24.43,2.0,68.07,5.0,68.58,2.0
2021-09-27 09:31:16.723563-04:00,33.97,40.0,34.05,11.0,17.94,236.0,17.95,384.0,16.49,107.0,16.5,1455.0,53.13,18.0,53.2,65.0,16.23,70.0,16.24,56.0,24.42,67.0,24.43,2.0,68.07,5.0,68.58,2.0
2021-09-27 09:31:16.723563-04:00,33.97,40.0,34.05,11.0,17.94,236.0,17.95,384.0,16.49,107.0,16.5,1455.0,53.13,18.0,53.2,65.0,16.23,70.0,16.24,56.0,24.42,57.0,24.43,2.0,68.07,5.0,68.58,2.0
2021-09-27 09:31:16.723563-04:00,33.97,40.0,34.05,11.0,17.94,236.0,17.95,384.0,16.49,107.0,16.5,1455.0,53.11,56.0,53.2,90.0,16.23,70.0,16.24,56.0,24.42,57.0,24.43,2.0,68.07,5.0,68.58,2.0
2021-09-27 09:31:16.723563-04:00,33.97,40.0,34.05,11.0,17.94,236.0,17.95,384.0,16.49,845.0,16.5,1423.0,53.11,56.0,53.2,90.0,16.23,70.0,16.24,56.0,24.42,57.0,24.43,2.0,68.07,5.0,68.58,2.0
2021-09-27 09:31:16.723563-04:00,33.97,40.0,34.05,11.0,17.94,1206.0,17.95,82.0,16.49,845.0,16.5,1423.0,53.11,56.0,53.2,90.0,16.23,70.0,16.24,56.0,24.42,57.0,24.43,2.0,68.07,5.0,68.58,2.0
2021-09-27 09:31:16.723563-04:00,33.97,40.0,34.05,11.0,17.94,1206.0,17.95,82.0,16.49,845.0,16.5,1423.0,53.11,56.0,53.2,90.0,16.23,65.0,16.25,246.0,24.42,57.0,24.43,2.0,68.07,5.0,68.58,2.0
2021-09-27 09:31:16.723563-04:00,33.97,40.0,34.05,11.0,17.94,1206.0,17.95,82.0,16.49,845.0,16.5,1423.0,53.11,56.0,53.2,90.0,16.23,65.0,16.25,246.0,24.42,66.0,24.43,2.0,68.07,5.0,68.58,2.0
2021-09-27 09:31:16.723563-04:00,33.97,40.0,34.05,11.0,17.94,1206.0,17.95,82.0,16.48,1236.0,16.49,426.0,53.11,56.0,53.2,90.0,16.23,65.0,16.25,246.0,24.42,66.0,24.43,2.0,68.07,5.0,68.58,2.0
2021-09-27 09:31:27.735334-04:00,33.96,40.0,34.04,18.0,17.94,1206.0,17.95,82.0,16.48,1236.0,16.49,426.0,53.11,56.0,53.2,90.0,16.23,65.0,16.25,246.0,24.42,66.0,24.43,2.0,68.07,5.0,68.58,2.0
2021-09-27 09:31:27.735334-04:00,33.96,40.0,34.04,18.0,17.94,1.0,17.95,477.0,16.48,1236.0,16.49,426.0,53.11,56.0,53.2,90.0,16.23,65.0,16.25,246.0,24.42,66.0,24.43,2.0,68.07,5.0,68.58,2.0
2021-09-27 09:31:27.735334-04:00,33.96,40.0,34.04,18.0,17.94,1.0,17.95,477.0,16.48,1236.0,16.49,426.0,53.14,16.0,53.21,90.0,16.23,65.0,16.25,246.0,24.42,66.0,24.43,2.0,68.07,5.0,68.58,2.0
2021-09-27 09:31:27.735334-04:00,33.96,40.0,34.04,18.0,17.94,1.0,17.95,477.0,16.48,1236.0,16.49,426.0,53.14,16.0,53.21,90.0,16.23,72.0,16.24,53.0,24.42,66.0,24.43,2.0,68.07,5.0,68.58,2.0
2021-09-27 09:31:27.735334-04:00,33.96,40.0,34.04,18.0,17.94,1.0,17.95,477.0,16.48,1236.0,16.49,426.0,53.14,16.0,53.21,90.0,16.23,72.0,16.24,53.0,24.42,60.0,24.43,2.0,68.07,5.0,68.58,2.0
2021-09-27 09:31:27.735334-04:00,33.96,40.0,34.04,18.0,17.94,1.0,17.95,477.0,16.48,1233.0,16.49,538.0,53.14,16.0,53.21,90.0,16.23,72.0,16.24,53.0,24.42,60.0,24.43,2.0,68.07,5.0,68.58,2.0
2021-09-27 09:31:27.735334-04:00,33.96,40.0,34.04,18.0,17.94,1.0,17.95,591.0,16.48,1233.0,16.49,538.0,53.14,16.0,53.21,90.0,16.23,72.0,16.24,53.0,24.42,60.0,24.43,2.0,68.07,5.0,68.58,2.0
2021-09-27 09:31:27.735334-04:00,33.96,40.0,34.04,18.0,17.94,1.0,17.95,591.0,16.48,1233.0,16.49,538.0,53.13,62.0,53.21,90.0,16.23,72.0,16.24,53.0,24.42,60.0,24.43,2.0,68.07,5.0,68.58,2.0
2021-09-27 09:31:27.735334-04:00,33.96,40.0,34.04,18.0,17.94,1.0,17.95,591.0,16.48,1233.0,16.49,538.0,53.13,62.0,53.21,90.0,16.23,72.0,16.24,53.0,24.42,69.0,24.43,2.0,68.07,5.0,68.58,2.0
2021-09-27 09:31:27.735334-04:00,33.96,40.0,34.04,18.0,17.94,1.0,17.95,591.0,16.48,1233.0,16.49,538.0,53.13,62.0,53.21,90.0,16.23,72.0,16.25,246.0,24.42,69.0,24.43,2.0,68.07,5.0,68.58,2.0
2021-09-27 09:31:48.283396-04:00,33.96,40.0,34.05,100.0,17.94,1.0,17.95,591.0,16.48,1233.0,16.49,538.0,53.13,16.0,53.21,90.0,16.23,72.0,16.25,246.0,24.42,69.0,24.43,2.0,68.07,5.0,68.58,2.0
2021-09-27 09:31:48.283396-04:00,33.96,40.0,34.05,100.0,17.94,1.0,17.95,591.0,16.48,685.0,16.49,178.0,53.13,16.0,53.21,90.0,16.23,72.0,16.25,246.0,24.42,69.0,24.43,2.0,68.07,5.0,68.58,2.0
2021-09-27 09:31:48.283396-04:00,33.96,40.0,34.05,100.0,17.94,2.0,17.95,356.0,16.48,685.0,16.49,178.0,53.13,16.0,53.21,90.0,16.23,72.0,16.25,246.0,24.42,69.0,24.43,2.0,68.07,5.0,68.58,2.0
2021-09-27 09:31:48.283396-04:00,33.96,40.0,34.05,100.0,17.94,2.0,17.95,356.0,16.48,685.0,16.49,178.0,53.13,52.0,53.21,90.0,16.23,72.0,16.25,246.0,24.42,69.0,24.43,2.0,68.07,5.0,68.58,2.0
2021-09-27 09:31:48.283396-04:00,33.96,40.0,34.05,100.0,17.94,2.0,17.95,356.0,16.48,723.0,16.49,426.0,53.13,52.0,53.21,90.0,16.23,72.0,16.25,246.0,24.42,69.0,24.43,2.0,68.07,5.0,68.58,2.0
2021-09-27 09:31:48.283396-04:00,33.96,40.0,34.05,100.0,17.94,2.0,17.95,356.0,16.48,723.0,16.49,667.0,53.13,52.0,53.21,90.0,16.23,72.0,16.25,246.0,24.42,69.0,24.43,2.0,68.07,5.0,68.58,2.0
2021-09-27 09:32:07.644634-04:00,33.95,68.0,34.03,29.0,17.94,2.0,17.95,356.0,16.48,723.0,16.49,667.0,53.13,52.0,53.21,90.0,16.23,72.0,16.25,246.0,24.42,69.0,24.43,2.0,68.07,5.0,68.58,2.0
2021-09-27 09:32:07.644634-04:00,33.95,68.0,34.03,29.0,17.94,2.0,17.95,641.0,16.48,723.0,16.49,667.0,53.13,52.0,53.21,90.0,16.23,72.0,16.25,246.0,24.42,69.0,24.43,2.0,68.07,5.0,68.58,2.0
2021-09-27 09:32:07.644634-04:00,33.95,68.0,34.03,29.0,17.94,2.0,17.95,641.0,16.48,723.0,16.49,667.0,53.14,106.0,53.22,31.0,16.23,72.0,16.25,246.0,24.42,69.0,24.43,2.0,68.07,5.0,68.58,2.0
2021-09-27 09:32:07.644634-04:00,33.95,68.0,34.03,29.0,17.94,2.0,17.95,641.0,16.48,738.0,16.49,1165.0,53.14,106.0,53.22,31.0,16.23,72.0,16.25,246.0,24.42,69.0,24.43,2.0,68.07,5.0,68.58,2.0
2021-09-27 09:32:10.648602-04:00,33.94,40.0,34.02,18.0,17.94,2.0,17.95,641.0,16.48,738.0,16.49,1165.0,53.14,106.0,53.22,31.0,16.23,72.0,16.25,246.0,24.42,69.0,24.43,2.0,68.07,5.0,68.58,2.0
2021-09-27 09:32:10.648602-04:00,33.94,40.0,34.02,18.0,17.94,2.0,17.95,641.0,16.48,738.0,16.49,1165.0,53.15,52.0,53.23,72.0,16.23,72.0,16.25,246.0,24.42,69.0,24.43,2.0,68.07,5.0,68.58,2.0
2021-09-27 09:32:10.648602-04:00,33.94,40.0,34.02,18.0,17.93,178.0,17.94,403.0,16.48,738.0,16.49,1165.0,53.15,52.0,53.23,72.0,16.23,72.0,16.25,246.0,24.42,69.0,24.43,2.0,68.07,5.0,68.58,2.0
2021-09-27 09:32:10.648602-04:00,33.94,40.0,34.02,18.0,17.93,178.0,17.94,403.0,16.48,738.0,16.49,1165.0,53.15,52.0,53.23,72.0,16.23,72.0,16.25,246.0,24.42,13.0,24.43,26.0,68.07,5.0,68.58,2.0
2021-09-27 09:32:10.648602-04:00,33.94,40.0,34.02,18.0,17.93,178.0,17.94,403.0,16.48,738.0,16.49,1165.0,53.15,52.0,53.23,72.0,16.23,24.0,16.24,181.0,24.42,13.0,24.43,26.0,68.07,5.0,68.58,2.0
2021-09-27 09:32:28.467959-04:00,33.94,80.0,34.03,49.0,17.93,178.0,17.94,403.0,16.48,738.0,16.49,1165.0,53.15,8.0,53.23,90.0,16.23,24.0,16.24,181.0,24.42,13.0,24.43,26.0,68.07,5.0,68.58,2.0
2021-09-27 09:32:28.467959-04:00,33.94,80.0,34.03,49.0,17.93,306.0,17.94,14.0,16.48,1110.0,16.49,1233.0,53.15,8.0,53.23,90.0,16.23,54.0,16.24,292.0,24.42,12.0,24.43,27.0,68.07,5.0,68.58,2.0
2021-09-27 09:32:28.467959-04:00,33.94,80.0,34.03,49.0,17.93,306.0,17.94,14.0,16.48,1110.0,16.49,1233.0,53.15,8.0,53.23,90.0,16.23,56.0,16.24,273.0,24.42,12.0,24.43,27.0,68.07,5.0,68.58,2.0
2021-09-27 09:32:28.467959-04:00,33.94,80.0,34.03,49.0,17.93,306.0,17.94,14.0,16.48,1110.0,16.49,1233.0,53.15,8.0,53.23,90.0,16.23,56.0,16.24,273.0,24.42,10.0,24.43,28.0,68.07,5.0,68.58,2.0
2021-09-27 09:32:37.542697-04:00,33.95,74.0,34.03,9.0,17.93,306.0,17.94,14.0,16.48,1110.0,16.49,1233.0,53.15,8.0,53.23,90.0,16.23,56.0,16.24,273.0,24.42,10.0,24.43,28.0,68.07,5.0,68.58,2.0
2021-09-27 09:32:37.542697-04:00,33.95,74.0,34.03,9.0,17.93,306.0,17.94,14.0,16.48,1186.0,16.49,666.0,53.15,8.0,53.23,90.0,16.23,56.0,16.24,273.0,24.42,10.0,24.43,28.0,68.07,5.0,68.58,2.0
2021-09-27 09:32:37.542697-04:00,33.95,74.0,34.03,9.0,17.94,4.0,17.95,304.0,16.48,1186.0,16.49,666.0,53.15,8.0,53.23,90.0,16.23,56.0,16.24,273.0,24.42,10.0,24.43,28.0,68.07,5.0,68.58,2.0
2021-09-27 09:32:37.542697-04:00,33.95,74.0,34.03,9.0,17.94,4.0,17.95,304.0,16.48,1186.0,16.49,666.0,53.15,8.0,53.22,82.0,16.23,56.0,16.24,273.0,24.42,10.0,24.43,28.0,68.07,5.0,68.58,2.0
2021-09-27 09:32:41.854170-04:00,33.95,72.0,34.03,9.0,17.94,4.0,17.95,304.0,16.48,1186.0,16.49,666.0,53.15,8.0,53.22,80.0,16.23,56.0,16.24,273.0,24.42,10.0,24.43,28.0,68.07,5.0,68.58,2.0
2021-09-27 09:32:41.854170-04:00,33.95,72.0,34.03,9.0,17.94,4.0,17.95,304.0,16.48,1078.0,16.49,834.0,53.15,8.0,53.22,80.0,16.23,56.0,16.24,273.0,24.42,10.0,24.43,28.0,68.07,5.0,68.58,2.0
2021-09-27 09:32:41.854170-04:00,33.95,72.0,34.03,9.0,17.93,792.0,17.95,307.0,16.48,1078.0,16.49,834.0,53.15,8.0,53.22,80.0,16.23,56.0,16.24,273.0,24.42,10.0,24.43,28.0,68.07,5.0,68.58,2.0
2021-09-27 09:32:55.238386-04:00,33.96,72.0,34.04,68.0,17.93,1278.0,17.95,558.0,16.48,1078.0,16.49,834.0,53.13,94.0,53.21,80.0,16.23,57.0,16.25,281.0,24.42,57.0,24.43,2.0,68.07,5.0,68.58,2.0
2021-09-27 09:32:55.238386-04:00,33.96,72.0,34.04,68.0,17.93,1278.0,17.95,558.0,16.48,1186.0,16.49,624.0,53.13,94.0,53.21,80.0,16.23,57.0,16.25,281.0,24.42,57.0,24.43,2.0,68.07,5.0,68.58,2.0
2021-09-27 09:32:55.238386-04:00,33.96,72.0,34.04,68.0,17.93,1278.0,17.95,558.0,16.48,1186.0,16.49,624.0,53.13,94.0,53.21,80.0,16.23,57.0,16.24,46.0,24.42,57.0,24.43,2.0,68.07,5.0,68.58,2.0
2021-09-27 09:33:00.572125-04:00,33.95,72.0,34.04,122.0,17.93,1278.0,17.95,558.0,16.48,1186.0,16.49,624.0,53.13,94.0,53.21,80.0,16.23,57.0,16.24,46.0,24.42,57.0,24.43,2.0,68.07,5.0,68.58,2.0
2021-09-27 09:33:00.572125-04:00,33.95,72.0,34.04,122.0,17.93,1178.0,17.95,608.0,16.48,1186.0,16.49,624.0,53.13,94.0,53.21,80.0,16.23,57.0,16.24,46.0,24.42,57.0,24.43,2.0,68.07,5.0,68.58,2.0
2021-09-27 09:33:00.572125-04:00,33.95,72.0,34.04,122.0,17.93,1178.0,17.95,608.0,16.48,1186.0,16.49,842.0,53.13,94.0,53.21,80.0,16.23,57.0,16.24,46.0,24.42,57.0,24.43,2.0,68.07,5.0,68.58,2.0
2021-09-27 09:33:00.572125-04:00,33.95,72.0,34.04,122.0,17.93,1178.0,17.95,608.0,16.48,1186.0,16.49,842.0,53.13,94.0,53.21,80.0,16.22,54.0,16.24,202.0,24.42,57.0,24.43,2.0,68.07,5.0,68.58,2.0
2021-09-27 09:33:00.572125-04:00,33.95,72.0,34.04,122.0,17.93,1178.0,17.95,608.0,16.48,1186.0,16.49,842.0,53.13,94.0,53.21,80.0,16.22,54.0,16.24,202.0,24.41,62.0,24.43,148.0,68.07,5.0,68.58,2.0
2021-09-27 09:33:17.595612-04:00,33.9,50.0,34.0,122.0,17.93,1178.0,17.95,608.0,16.48,1186.0,16.49,842.0,53.13,94.0,53.21,80.0,16.22,54.0,16.24,202.0,24.41,62.0,24.43,148.0,68.07,5.0,68.58,2.0
2021-09-27 09:33:17.595612-04:00,33.9,50.0,34.0,122.0,17.93,1178.0,17.95,608.0,16.48,673.0,16.49,2006.0,53.13,94.0,53.21,80.0,16.22,54.0,16.24,202.0,24.41,62.0,24.43,148.0,68.07,5.0,68.58,2.0
2021-09-27 09:33:17.595612-04:00,33.9,50.0,34.0,122.0,17.92,161.0,17.93,352.0,16.48,673.0,16.49,2006.0,53.13,94.0,53.21,80.0,16.22,54.0,16.24,202.0,24.41,62.0,24.43,148.0,68.07,5.0,68.58,2.0
2021-09-27 09:33:17.595612-04:00,33.9,50.0,34.0,122.0,17.92,161.0,17.93,352.0,16.48,673.0,16.49,2006.0,53.18,126.0,53.26,64.0,16.22,54.0,16.24,202.0,24.41,62.0,24.43,148.0,68.07,5.0,68.58,2.0
2021-09-27 09:33:17.595612-04:00,33.9,50.0,34.0,122.0,17.92,161.0,17.93,352.0,16.48,673.0,16.49,2006.0,53.18,126.0,53.26,64.0,16.22,54.0,16.24,202.0,24.41,62.0,24.43,148.0,68.09,10.0,68.58,2.0
2021-09-27 09:33:17.595612-04:00,33.9,50.0,34.0,122.0,17.92,161.0,17.93,352.0,16.48,673.0,16.49,2006.0,53.18,126.0,53.26,64.0,16.23,8.0,16.24,200.0,24.41,62.0,24.43,148.0,68.09,10.0,68.58,2.0
2021-09-27 09:33:17.595612-04:00,33.9,50.0,34.0,122.0,17.92,161.0,17.93,352.0,16.48,673.0,16.49,2006.0,53.18,126.0,53.26,64.0,16.23,8.0,16.24,200.0,24.41,62.0,24.43,152.0,68.09,10.0,68.58,2.0
2021-09-27 09:33:17.595612-04:00,33.9,50.0,34.0,122.0,17.92,161.0,17.93,352.0,16.48,246.0,16.49,1596.0,53.18,126.0,53.26,64.0,16.23,8.0,16.24,200.0,24.41,62.0,24.43,152.0,68.09,10.0,68.58,2.0
2021-09-27 09:33:24.603876-04:00,33.92,5.0,34.0,54.0,17.92,161.0,17.93,352.0,16.48,246.0,16.49,1596.0,53.18,126.0,53.26,64.0,16.23,8.0,16.24,200.0,24.41,62.0,24.43,152.0,68.09,10.0,68.58,2.0
2021-09-27 09:33:24.603876-04:00,33.92,5.0,34.0,54.0,17.92,36.0,17.94,285.0,16.48,246.0,16.49,1596.0,53.18,126.0,53.26,64.0,16.23,8.0,16.24,200.0,24.41,62.0,24.43,152.0,68.09,10.0,68.58,2.0
2021-09-27 09:33:24.603876-04:00,33.92,5.0,34.0,54.0,17.92,36.0,17.94,285.0,16.48,246.0,16.49,1596.0,53.18,64.0,53.25,5.0,16.23,8.0,16.24,200.0,24.41,62.0,24.43,152.0,68.09,10.0,68.58,2.0
2021-09-27 09:33:24.603876-04:00,33.92,5.0,34.0,54.0,17.92,36.0,17.94,285.0,16.48,246.0,16.49,1596.0,53.18,64.0,53.25,5.0,16.22,47.0,16.24,225.0,24.41,62.0,24.43,152.0,68.09,10.0,68.58,2.0
2021-09-27 09:33:24.603876-04:00,33.92,5.0,34.0,54.0,17.92,36.0,17.94,285.0,16.48,246.0,16.49,1596.0,53.18,64.0,53.25,5.0,16.22,47.0,16.24,225.0,24.41,62.0,24.43,146.0,68.09,10.0,68.58,2.0
2021-09-27 09:33:24.603876-04:00,33.92,5.0,34.0,54.0,17.92,36.0,17.94,285.0,16.48,246.0,16.49,1596.0,53.22,64.0,53.29,48.0,16.22,47.0,16.24,225.0,24.41,62.0,24.43,146.0,68.09,10.0,68.58,2.0
2021-09-27 09:33:35.619422-04:00,33.85,14.0,33.96,72.0,17.92,36.0,17.94,285.0,16.48,246.0,16.49,1596.0,53.22,64.0,53.29,48.0,16.22,47.0,16.24,225.0,24.41,62.0,24.43,146.0,68.09,10.0,68.58,2.0
2021-09-27 09:33:35.619422-04:00,33.85,14.0,33.96,72.0,17.92,36.0,17.94,285.0,16.47,565.0,16.48,1265.0,53.22,64.0,53.29,48.0,16.22,47.0,16.24,225.0,24.41,62.0,24.43,146.0,68.09,10.0,68.58,2.0
2021-09-27 09:33:35.619422-04:00,33.85,14.0,33.96,72.0,17.92,36.0,17.94,285.0,16.47,565.0,16.48,1265.0,53.22,64.0,53.29,48.0,16.22,47.0,16.24,225.0,24.41,62.0,24.43,146.0,68.17,10.0,68.66,2.0
2021-09-27 09:33:35.619422-04:00,33.85,14.0,33.96,72.0,17.9,876.0,17.92,366.0,16.47,565.0,16.48,1265.0,53.22,64.0,53.29,48.0,16.22,47.0,16.24,225.0,24.41,62.0,24.43,146.0,68.17,10.0,68.66,2.0
2021-09-27 09:33:48.809160-04:00,33.85,14.0,33.96,72.0,17.9,876.0,17.92,366.0,16.47,565.0,16.48,1265.0,53.22,64.0,53.29,48.0,16.22,47.0,16.24,225.0,24.41,62.0,24.43,146.0,68.16,10.0,68.66,2.0
2021-09-27 09:33:48.813149-04:00,33.91,40.0,33.99,108.0,17.92,61.0,17.93,486.0,16.48,196.0,16.49,938.0,53.19,16.0,53.26,20.0,16.22,47.0,16.24,225.0,24.41,62.0,24.43,149.0,68.16,10.0,68.66,2.0
2021-09-27 09:33:51.677491-04:00,33.91,40.0,33.99,108.0,17.92,61.0,17.93,486.0,16.48,907.0,16.49,1012.0,53.19,16.0,53.26,20.0,16.22,47.0,16.24,225.0,24.41,62.0,24.43,149.0,68.16,10.0,68.66,2.0
2021-09-27 09:33:51.677491-04:00,33.91,40.0,33.99,108.0,17.93,50.0,17.94,277.0,16.48,907.0,16.49,1012.0,53.19,16.0,53.26,20.0,16.22,47.0,16.24,225.0,24.41,62.0,24.43,149.0,68.16,10.0,68.66,2.0
2021-09-27 09:33:57.646530-04:00,33.94,18.0,34.02,36.0,17.93,50.0,17.94,277.0,16.48,907.0,16.49,1012.0,53.19,16.0,53.26,20.0,16.22,47.0,16.24,225.0,24.41,62.0,24.43,149.0,68.16,10.0,68.66,2.0
2021-09-27 09:33:57.646530-04:00,33.94,18.0,34.02,36.0,17.93,50.0,17.94,277.0,16.48,907.0,16.49,1012.0,53.16,16.0,53.23,20.0,16.22,47.0,16.24,225.0,24.41,62.0,24.43,149.0,68.16,10.0,68.66,2.0
2021-09-27 09:33:57.646530-04:00,33.94,18.0,34.02,36.0,17.93,50.0,17.94,277.0,16.48,907.0,16.49,1012.0,53.16,16.0,53.23,20.0,16.22,48.0,16.24,211.0,24.41,62.0,24.43,149.0,68.16,10.0,68.66,2.0
2021-09-27 09:33:57.646530-04:00,33.94,18.0,34.02,36.0,17.92,43.0,17.93,320.0,16.48,907.0,16.49,1012.0,53.16,16.0,53.23,20.0,16.22,48.0,16.24,211.0,24.41,62.0,24.43,149.0,68.16,10.0,68.66,2.0
2021-09-27 09:33:57.646530-04:00,33.94,18.0,34.02,36.0,17.92,43.0,17.93,320.0,16.48,907.0,16.49,1012.0,53.16,16.0,53.23,20.0,16.22,48.0,16.24,211.0,24.41,62.0,24.43,149.0,68.18,15.0,68.66,2.0
2021-09-27 09:34:07.660758-04:00,33.91,78.0,34.0,78.0,17.92,43.0,17.93,320.0,16.48,907.0,16.49,1012.0,53.16,16.0,53.23,20.0,16.22,48.0,16.24,211.0,24.41,62.0,24.43,149.0,68.18,15.0,68.66,2.0
2021-09-27 09:34:07.660758-04:00,33.91,78.0,34.0,78.0,17.92,43.0,17.93,320.0,16.48,907.0,16.49,1012.0,53.16,16.0,53.23,20.0,16.22,48.0,16.24,211.0,24.41,62.0,24.43,157.0,68.18,15.0,68.66,2.0
2021-09-27 09:34:07.660758-04:00,33.91,78.0,34.0,78.0,17.92,43.0,17.93,320.0,16.48,330.0,16.49,1456.0,53.16,16.0,53.23,20.0,16.22,48.0,16.24,211.0,24.41,62.0,24.43,157.0,68.18,15.0,68.66,2.0
2021-09-27 09:34:07.660758-04:00,33.91,78.0,34.0,78.0,17.92,43.0,17.93,320.0,16.48,330.0,16.49,1456.0,53.18,56.0,53.26,28.0,16.22,48.0,16.24,211.0,24.41,62.0,24.43,157.0,68.18,15.0,68.66,2.0
2021-09-27 09:34:15.563628-04:00,33.92,38.0,34.0,78.0,17.92,43.0,17.93,320.0,16.48,599.0,16.49,1046.0,53.18,56.0,53.26,28.0,16.22,48.0,16.24,211.0,24.41,62.0,24.43,149.0,68.17,5.0,68.66,2.0
2021-09-27 09:34:15.563628-04:00,33.92,38.0,34.0,78.0,17.92,369.0,17.93,43.0,16.48,599.0,16.49,1046.0,53.18,56.0,53.26,28.0,16.22,48.0,16.24,211.0,24.41,62.0,24.43,149.0,68.17,5.0,68.66,2.0
2021-09-27 09:34:15.563628-04:00,33.92,38.0,34.0,78.0,17.92,369.0,17.93,43.0,16.48,599.0,16.49,1046.0,53.18,28.0,53.25,36.0,16.22,48.0,16.24,211.0,24.41,62.0,24.43,149.0,68.17,5.0,68.66,2.0
2021-09-27 09:34:15.563628-04:00,33.92,38.0,34.0,78.0,17.92,369.0,17.93,43.0,16.48,599.0,16.49,1046.0,53.18,28.0,53.25,36.0,16.22,48.0,16.24,211.0,24.41,62.0,24.43,149.0,68.18,5.0,68.66,2.0
2021-09-27 09:34:28.922911-04:00,33.9,75.0,33.99,75.0,17.91,1103.0,17.93,427.0,16.48,599.0,16.49,1046.0,53.18,28.0,53.25,36.0,16.22,48.0,16.24,211.0,24.41,62.0,24.43,149.0,68.18,5.0,68.66,2.0
2021-09-27 09:34:28.922911-04:00,33.9,75.0,33.99,75.0,17.91,1103.0,17.93,427.0,16.48,599.0,16.49,1046.0,53.19,70.0,53.27,70.0,16.22,48.0,16.24,211.0,24.41,62.0,24.43,149.0,68.18,5.0,68.66,2.0
2021-09-27 09:34:28.922911-04:00,33.9,75.0,33.99,75.0,17.91,1103.0,17.93,427.0,16.48,167.0,16.49,901.0,53.19,70.0,53.27,70.0,16.22,48.0,16.24,211.0,24.41,62.0,24.43,149.0,68.18,5.0,68.66,2.0
2021-09-27 09:34:28.922911-04:00,33.9,75.0,33.99,75.0,17.91,1082.0,17.93,430.0,16.48,167.0,16.49,901.0,53.19,70.0,53.27,70.0,16.22,48.0,16.24,211.0,24.41,62.0,24.43,149.0,68.18,5.0,68.66,2.0
2021-09-27 09:34:28.922911-04:00,33.9,75.0,33.99,75.0,17.91,1082.0,17.93,430.0,16.48,167.0,16.49,901.0,53.19,70.0,53.26,4.0,16.22,48.0,16.24,211.0,24.41,62.0,24.43,149.0,68.18,5.0,68.66,2.0
2021-09-27 09:34:36.699119-04:00,33.91,4.0,33.99,75.0,17.91,1082.0,17.93,430.0,16.48,167.0,16.49,901.0,53.19,70.0,53.26,4.0,16.22,48.0,16.24,211.0,24.41,62.0,24.43,149.0,68.18,5.0,68.66,2.0
2021-09-27 09:34:36.699119-04:00,33.91,4.0,33.99,75.0,17.91,1082.0,17.93,430.0,16.47,613.0,16.48,74.0,53.19,70.0,53.26,4.0,16.22,48.0,16.24,211.0,24.41,62.0,24.43,149.0,68.18,5.0,68.66,2.0
2021-09-27 09:34:44.708705-04:00,33.91,53.0,33.99,75.0,17.91,1082.0,17.93,430.0,16.47,613.0,16.48,74.0,53.19,70.0,53.26,4.0,16.22,48.0,16.24,211.0,24.41,62.0,24.43,149.0,68.18,5.0,68.66,2.0
2021-09-27 09:34:44.708705-04:00,33.91,53.0,33.99,75.0,17.91,1023.0,17.93,350.0,16.47,613.0,16.48,74.0,53.19,70.0,53.26,4.0,16.22,48.0,16.24,211.0,24.41,62.0,24.43,149.0,68.18,5.0,68.66,2.0
2021-09-27 09:34:44.708705-04:00,33.91,53.0,33.99,75.0,17.91,1023.0,17.93,350.0,16.47,613.0,16.48,74.0,53.19,14.0,53.26,46.0,16.22,48.0,16.24,211.0,24.41,62.0,24.43,149.0,68.18,5.0,68.66,2.0
2021-09-27 09:34:44.708705-04:00,33.91,53.0,33.99,75.0,17.91,1023.0,17.93,350.0,16.48,220.0,16.49,1370.0,53.19,14.0,53.26,46.0,16.22,48.0,16.24,211.0,24.41,62.0,24.43,149.0,68.18,5.0,68.66,2.0
2021-09-27 09:34:44.708705-04:00,33.91,53.0,33.99,75.0,17.92,237.0,17.93,335.0,16.48,220.0,16.49,1370.0,53.19,14.0,53.26,46.0,16.22,48.0,16.24,211.0,24.41,62.0,24.43,149.0,68.18,5.0,68.66,2.0
2021-09-27 09:34:44.708705-04:00,33.91,53.0,33.99,75.0,17.92,237.0,17.93,335.0,16.48,750.0,16.49,1370.0,53.19,14.0,53.26,46.0,16.22,48.0,16.24,211.0,24.41,62.0,24.43,149.0,68.18,5.0,68.66,2.0
2021-09-27 09:34:44.708705-04:00,33.91,53.0,33.99,75.0,17.92,237.0,17.93,335.0,16.48,750.0,16.49,1370.0,53.19,14.0,53.26,46.0,16.22,53.0,16.24,211.0,24.41,62.0,24.43,149.0,68.18,5.0,68.66,2.0
2021-09-27 09:34:44.708705-04:00,33.91,53.0,33.99,75.0,17.91,987.0,17.93,295.0,16.48,750.0,16.49,1370.0,53.19,14.0,53.26,46.0,16.22,53.0,16.24,211.0,24.41,62.0,24.43,149.0,68.18,5.0,68.66,2.0
2021-09-27 09:35:04.735164-04:00,33.91,19.0,33.99,75.0,17.91,987.0,17.93,295.0,16.48,750.0,16.49,1370.0,53.19,14.0,53.26,46.0,16.22,53.0,16.24,211.0,24.41,62.0,24.43,149.0,68.18,5.0,68.66,2.0
2021-09-27 09:35:04.735164-04:00,33.91,19.0,33.99,75.0,17.91,987.0,17.93,295.0,16.48,750.0,16.49,1370.0,53.19,70.0,53.26,4.0,16.22,53.0,16.24,211.0,24.41,62.0,24.43,149.0,68.18,5.0,68.66,2.0
2021-09-27 09:35:04.735164-04:00,33.91,19.0,33.99,75.0,17.91,987.0,17.93,295.0,16.48,46.0,16.49,1456.0,53.19,70.0,53.26,4.0,16.22,53.0,16.24,211.0,24.41,62.0,24.43,149.0,68.18,5.0,68.66,2.0
2021-09-27 09:35:04.735164-04:00,33.91,19.0,33.99,75.0,17.91,1148.0,17.93,288.0,16.48,46.0,16.49,1456.0,53.19,70.0,53.26,4.0,16.22,53.0,16.24,211.0,24.41,62.0,24.43,149.0,68.18,5.0,68.66,2.0
2021-09-27 09:35:04.735164-04:00,33.91,19.0,33.99,75.0,17.91,1148.0,17.93,288.0,16.48,13.0,16.48,93.0,53.19,70.0,53.26,4.0,16.22,53.0,16.24,211.0,24.41,62.0,24.43,149.0,68.18,5.0,68.66,2.0
2021-09-27 09:35:04.735164-04:00,33.91,19.0,33.99,75.0,17.91,1148.0,17.93,288.0,16.48,13.0,16.48,93.0,53.19,70.0,53.26,4.0,16.22,53.0,16.24,211.0,24.41,62.0,24.43,149.0,68.17,15.0,68.66,2.0
2021-09-27 09:35:18.610066-04:00,33.91,49.0,33.99,75.0,17.91,1148.0,17.93,288.0,16.48,13.0,16.48,93.0,53.19,70.0,53.26,4.0,16.22,53.0,16.24,211.0,24.41,62.0,24.43,149.0,68.17,15.0,68.66,2.0
2021-09-27 09:35:18.610066-04:00,33.91,49.0,33.99,75.0,17.91,1148.0,17.93,288.0,16.48,13.0,16.48,93.0,53.19,70.0,53.26,32.0,16.22,53.0,16.24,211.0,24.41,62.0,24.43,149.0,68.17,15.0,68.66,2.0
2021-09-27 09:35:18.610066-04:00,33.91,49.0,33.99,75.0,17.91,993.0,17.93,298.0,16.48,13.0,16.48,93.0,53.19,70.0,53.26,32.0,16.22,53.0,16.24,211.0,24.41,62.0,24.43,149.0,68.17,15.0,68.66,2.0
2021-09-27 09:35:18.610066-04:00,33.91,49.0,33.99,75.0,17.91,993.0,17.93,298.0,16.48,43.0,16.49,1446.0,53.19,70.0,53.26,32.0,16.22,53.0,16.24,211.0,24.41,62.0,24.43,149.0,68.17,15.0,68.66,2.0
2021-09-27 09:35:18.610066-04:00,33.91,49.0,33.99,75.0,17.91,993.0,17.93,298.0,16.48,43.0,16.49,1446.0,53.19,70.0,53.26,32.0,16.22,53.0,16.24,211.0,24.41,62.0,24.43,149.0,68.17,5.0,68.66,2.0
2021-09-27 09:35:18.610066-04:00,33.91,49.0,33.99,75.0,17.91,993.0,17.93,298.0,16.48,43.0,16.49,1446.0,53.19,70.0,53.26,32.0,16.22,53.0,16.24,211.0,24.41,62.0,24.43,166.0,68.17,5.0,68.66,2.0
2021-09-27 09:35:18.610066-04:00,33.91,49.0,33.99,75.0,17.91,993.0,17.93,298.0,16.48,80.0,16.49,1446.0,53.19,70.0,53.26,32.0,16.22,53.0,16.24,211.0,24.41,62.0,24.43,166.0,68.17,5.0,68.66,2.0
2021-09-27 09:35:18.610066-04:00,33.91,49.0,33.99,75.0,17.91,993.0,17.93,298.0,16.48,80.0,16.49,1446.0,53.19,70.0,53.26,4.0,16.22,53.0,16.24,211.0,24.41,62.0,24.43,166.0,68.17,5.0,68.66,2.0
2021-09-27 09:35:37.634204-04:00,33.91,4.0,33.99,75.0,17.91,993.0,17.93,298.0,16.48,80.0,16.49,1446.0,53.19,70.0,53.26,4.0,16.22,53.0,16.24,211.0,24.41,62.0,24.43,166.0,68.17,5.0,68.66,2.0
2021-09-27 09:35:37.634204-04:00,33.91,4.0,33.99,75.0,17.91,993.0,17.93,298.0,16.48,80.0,16.49,1446.0,53.19,70.0,53.26,4.0,16.22,53.0,16.24,211.0,24.41,62.0,24.43,137.0,68.17,5.0,68.66,2.0
2021-09-27 09:35:37.634204-04:00,33.91,4.0,33.99,75.0,17.91,993.0,17.93,298.0,16.48,271.0,16.49,1427.0,53.19,70.0,53.26,4.0,16.22,53.0,16.24,211.0,24.41,62.0,24.43,137.0,68.17,5.0,68.66,2.0
2021-09-27 09:35:37.634204-04:00,33.91,4.0,33.99,75.0,17.92,316.0,17.93,43.0,16.48,271.0,16.49,1427.0,53.19,70.0,53.26,4.0,16.22,53.0,16.24,211.0,24.41,62.0,24.43,137.0,68.17,5.0,68.66,2.0
2021-09-27 09:35:37.634204-04:00,33.91,4.0,33.99,75.0,17.92,316.0,17.93,43.0,16.48,271.0,16.49,1427.0,53.15,14.0,53.25,4.0,16.22,53.0,16.24,211.0,24.41,62.0,24.43,137.0,68.17,5.0,68.66,2.0
2021-09-27 09:35:49.082596-04:00,33.92,23.0,34.0,78.0,17.92,316.0,17.93,43.0,16.48,271.0,16.49,1427.0,53.15,14.0,53.25,4.0,16.22,53.0,16.24,211.0,24.41,62.0,24.43,137.0,68.17,5.0,68.66,2.0
2021-09-27 09:35:49.082596-04:00,33.92,23.0,34.0,78.0,17.92,316.0,17.93,43.0,16.48,271.0,16.49,1427.0,53.15,14.0,53.25,4.0,16.22,53.0,16.24,211.0,24.41,62.0,24.43,126.0,68.17,5.0,68.66,2.0
2021-09-27 09:35:49.082596-04:00,33.92,23.0,34.0,78.0,17.92,316.0,17.93,43.0,16.48,271.0,16.49,1427.0,53.15,14.0,53.25,4.0,16.22,53.0,16.24,211.0,24.41,62.0,24.43,126.0,68.18,5.0,68.66,2.0
2021-09-27 09:35:49.082596-04:00,33.92,23.0,34.0,78.0,17.91,836.0,17.92,43.0,16.48,271.0,16.49,1427.0,53.15,14.0,53.25,4.0,16.22,53.0,16.24,211.0,24.41,62.0,24.43,126.0,68.18,5.0,68.66,2.0
2021-09-27 09:35:49.082596-04:00,33.92,23.0,34.0,78.0,17.91,836.0,17.92,43.0,16.47,568.0,16.48,586.0,53.15,14.0,53.25,4.0,16.22,53.0,16.24,211.0,24.41,62.0,24.43,126.0,68.18,5.0,68.66,2.0
2021-09-27 09:35:49.082596-04:00,33.92,23.0,34.0,78.0,17.91,836.0,17.92,43.0,16.47,568.0,16.48,586.0,53.21,14.0,53.28,4.0,16.22,53.0,16.24,211.0,24.41,62.0,24.43,126.0,68.18,5.0,68.66,2.0
2021-09-27 09:35:57.662656-04:00,33.93,3.0,33.97,90.0,17.91,836.0,17.92,43.0,16.47,568.0,16.48,586.0,53.21,14.0,53.28,4.0,16.22,53.0,16.24,211.0,24.41,62.0,24.43,126.0,68.18,5.0,68.66,2.0
2021-09-27 09:36:07.673889-04:00,33.88,49.0,33.97,90.0,17.91,836.0,17.92,43.0,16.47,568.0,16.48,586.0,53.21,14.0,53.28,4.0,16.22,53.0,16.24,211.0,24.41,62.0,24.43,126.0,68.18,5.0,68.66,2.0
2021-09-27 09:36:07.673889-04:00,33.88,49.0,33.97,90.0,17.91,11.0,17.92,211.0,16.47,568.0,16.48,586.0,53.21,14.0,53.28,4.0,16.22,53.0,16.24,211.0,24.41,62.0,24.43,126.0,68.18,5.0,68.66,2.0
2021-09-27 09:36:07.673889-04:00,33.88,49.0,33.97,90.0,17.91,11.0,17.92,211.0,16.47,847.0,16.48,1069.0,53.21,14.0,53.28,4.0,16.22,53.0,16.24,211.0,24.41,62.0,24.43,126.0,68.18,5.0,68.66,2.0
2021-09-27 09:36:07.673889-04:00,33.88,49.0,33.97,90.0,17.91,11.0,17.92,211.0,16.47,847.0,16.48,1069.0,53.21,70.0,53.29,8.0,16.22,53.0,16.24,211.0,24.41,62.0,24.43,126.0,68.18,5.0,68.66,2.0
2021-09-27 09:36:17.687119-04:00,33.91,53.0,33.99,17.0,17.91,11.0,17.92,211.0,16.47,847.0,16.48,1069.0,53.21,70.0,53.29,8.0,16.22,53.0,16.24,211.0,24.41,62.0,24.43,126.0,68.18,5.0,68.66,2.0
2021-09-27 09:36:17.687119-04:00,33.91,53.0,33.99,17.0,17.92,194.0,17.93,249.0,16.47,847.0,16.48,1069.0,53.21,70.0,53.29,8.0,16.22,53.0,16.24,211.0,24.41,62.0,24.43,126.0,68.18,5.0,68.66,2.0
2021-09-27 09:36:17.687119-04:00,33.91,53.0,33.99,17.0,17.92,194.0,17.93,249.0,16.47,847.0,16.48,1069.0,53.21,70.0,53.29,8.0,16.22,53.0,16.24,226.0,24.41,62.0,24.43,126.0,68.18,5.0,68.66,2.0
2021-09-27 09:36:17.687119-04:00,33.91,53.0,33.99,17.0,17.92,194.0,17.93,249.0,16.48,502.0,16.49,1004.0,53.21,70.0,53.29,8.0,16.22,53.0,16.24,226.0,24.41,62.0,24.43,126.0,68.18,5.0,68.66,2.0
2021-09-27 09:36:17.687119-04:00,33.91,53.0,33.99,17.0,17.92,194.0,17.93,249.0,16.48,502.0,16.49,1004.0,53.15,14.0,53.26,46.0,16.22,53.0,16.24,226.0,24.41,62.0,24.43,126.0,68.18,5.0,68.66,2.0
2021-09-27 09:36:23.695055-04:00,33.92,4.0,33.99,62.0,17.92,194.0,17.93,249.0,16.48,502.0,16.49,1004.0,53.15,14.0,53.26,46.0,16.22,53.0,16.24,226.0,24.41,62.0,24.43,126.0,68.18,5.0,68.66,2.0
2021-09-27 09:36:23.695055-04:00,33.92,4.0,33.99,62.0,17.92,280.0,17.93,399.0,16.48,502.0,16.49,1004.0,53.15,14.0,53.26,46.0,16.22,53.0,16.24,226.0,24.41,62.0,24.43,126.0,68.18,5.0,68.66,2.0
2021-09-27 09:36:23.695055-04:00,33.92,4.0,33.99,62.0,17.92,280.0,17.93,399.0,16.48,505.0,16.49,1376.0,53.19,28.0,53.26,46.0,16.22,53.0,16.24,194.0,24.41,62.0,24.43,126.0,68.18,5.0,68.66,2.0
2021-09-27 09:36:37.713575-04:00,33.87,15.0,33.96,15.0,17.92,280.0,17.93,399.0,16.48,505.0,16.49,1376.0,53.19,28.0,53.26,46.0,16.22,53.0,16.24,194.0,24.41,62.0,24.43,126.0,68.18,5.0,68.66,2.0
2021-09-27 09:36:37.713575-04:00,33.87,15.0,33.96,15.0,17.91,1.0,17.92,294.0,16.48,505.0,16.49,1376.0,53.19,28.0,53.26,46.0,16.22,53.0,16.24,194.0,24.41,62.0,24.43,126.0,68.18,5.0,68.66,2.0
2021-09-27 09:36:37.713575-04:00,33.87,15.0,33.96,15.0,17.91,1.0,17.92,294.0,16.47,626.0,16.48,1104.0,53.19,28.0,53.26,46.0,16.22,53.0,16.24,194.0,24.41,62.0,24.43,126.0,68.18,5.0,68.66,2.0
2021-09-27 09:36:37.713575-04:00,33.87,15.0,33.96,15.0,17.91,1.0,17.92,294.0,16.47,626.0,16.48,1104.0,53.19,28.0,53.26,46.0,16.22,50.0,16.23,39.0,24.41,62.0,24.43,126.0,68.18,15.0,68.66,2.0
2021-09-27 09:36:37.713575-04:00,33.87,15.0,33.96,15.0,17.91,1.0,17.92,294.0,16.47,626.0,16.48,1104.0,53.22,14.0,53.34,14.0,16.22,50.0,16.23,39.0,24.41,62.0,24.43,126.0,68.18,15.0,68.66,2.0
2021-09-27 09:36:37.713575-04:00,33.87,15.0,33.96,15.0,17.91,1.0,17.92,294.0,16.47,626.0,16.48,1104.0,53.22,14.0,53.34,14.0,16.22,50.0,16.23,39.0,24.41,62.0,24.43,126.0,68.19,5.0,68.66,2.0
2021-09-27 09:36:37.713575-04:00,33.87,15.0,33.96,15.0,17.91,1.0,17.92,294.0,16.47,626.0,16.48,1104.0,53.22,14.0,53.34,14.0,16.22,50.0,16.23,39.0,24.41,60.0,24.43,126.0,68.19,5.0,68.66,2.0
2021-09-27 09:36:47.726803-04:00,33.88,38.0,33.96,30.0,17.91,1.0,17.92,294.0,16.47,626.0,16.48,1104.0,53.22,14.0,53.34,14.0,16.22,50.0,16.23,39.0,24.41,60.0,24.43,126.0,68.19,5.0,68.66,2.0
2021-09-27 09:36:47.726803-04:00,33.88,38.0,33.96,30.0,17.9,845.0,17.92,292.0,16.47,626.0,16.48,1104.0,53.22,14.0,53.34,14.0,16.22,50.0,16.23,39.0,24.41,60.0,24.43,126.0,68.19,5.0,68.66,2.0
2021-09-27 09:36:47.726803-04:00,33.88,38.0,33.96,30.0,17.9,845.0,17.92,292.0,16.47,896.0,16.48,1090.0,53.22,14.0,53.34,14.0,16.22,50.0,16.23,39.0,24.41,60.0,24.43,126.0,68.19,5.0,68.66,2.0
2021-09-27 09:36:47.726803-04:00,33.88,38.0,33.96,30.0,17.9,845.0,17.92,292.0,16.47,896.0,16.48,1090.0,53.22,14.0,53.34,14.0,16.22,50.0,16.23,156.0,24.41,60.0,24.43,126.0,68.19,5.0,68.66,2.0
2021-09-27 09:36:47.726803-04:00,33.88,38.0,33.96,30.0,17.9,845.0,17.92,292.0,16.47,896.0,16.48,1090.0,53.22,14.0,53.29,4.0,16.22,50.0,16.23,156.0,24.41,60.0,24.43,126.0,68.19,5.0,68.66,2.0
2021-09-27 09:36:57.740032-04:00,33.84,14.0,33.92,75.0,17.9,845.0,17.92,292.0,16.47,896.0,16.48,1090.0,53.22,14.0,53.29,4.0,16.22,50.0,16.23,156.0,24.41,60.0,24.43,126.0,68.19,5.0,68.66,2.0
2021-09-27 09:36:57.740032-04:00,33.84,14.0,33.92,75.0,17.9,1.0,17.91,284.0,16.47,896.0,16.48,1090.0,53.22,14.0,53.29,4.0,16.22,50.0,16.23,156.0,24.41,60.0,24.43,126.0,68.19,5.0,68.66,2.0
2021-09-27 09:36:57.740032-04:00,33.84,14.0,33.92,75.0,17.9,1.0,17.91,284.0,16.46,379.0,16.47,558.0,53.22,14.0,53.29,4.0,16.22,50.0,16.23,156.0,24.41,60.0,24.43,126.0,68.19,5.0,68.66,2.0
2021-09-27 09:36:57.740032-04:00,33.84,14.0,33.92,75.0,17.9,1.0,17.91,284.0,16.46,379.0,16.47,558.0,53.22,14.0,53.29,4.0,16.21,60.0,16.23,262.0,24.41,60.0,24.43,126.0,68.19,5.0,68.66,2.0
2021-09-27 09:36:57.740032-04:00,33.84,14.0,33.92,75.0,17.9,1.0,17.91,284.0,16.46,379.0,16.47,558.0,53.22,14.0,53.29,4.0,16.21,60.0,16.23,262.0,24.41,60.0,24.43,126.0,68.2,5.0,68.66,2.0
2021-09-27 09:36:57.740032-04:00,33.84,14.0,33.92,75.0,17.9,1.0,17.91,284.0,16.46,379.0,16.47,558.0,53.26,70.0,53.34,28.0,16.21,60.0,16.23,262.0,24.41,60.0,24.43,126.0,68.2,5.0,68.66,2.0
2021-09-27 09:36:57.740032-04:00,33.84,14.0,33.92,75.0,17.9,1.0,17.91,284.0,16.46,379.0,16.47,558.0,53.26,70.0,53.34,28.0,16.21,60.0,16.23,262.0,24.41,44.0,24.42,22.0,68.2,5.0,68.66,2.0
2021-09-27 09:37:09.316084-04:00,33.86,68.0,33.95,15.0,17.9,269.0,17.91,11.0,16.46,379.0,16.47,558.0,53.26,70.0,53.34,28.0,16.21,60.0,16.23,262.0,24.41,44.0,24.42,22.0,68.2,5.0,68.66,2.0
2021-09-27 09:37:09.316084-04:00,33.86,68.0,33.95,15.0,17.9,269.0,17.91,11.0,16.47,907.0,16.48,1032.0,53.19,14.0,53.31,78.0,16.21,56.0,16.23,263.0,24.41,43.0,24.42,18.0,68.19,15.0,68.66,2.0
2021-09-27 09:37:09.316084-04:00,33.86,68.0,33.95,15.0,17.9,269.0,17.91,11.0,16.47,961.0,16.48,1178.0,53.19,14.0,53.31,78.0,16.21,56.0,16.23,263.0,24.41,43.0,24.42,18.0,68.19,15.0,68.66,2.0
2021-09-27 09:37:09.316084-04:00,33.86,68.0,33.95,15.0,17.9,269.0,17.91,11.0,16.47,961.0,16.48,1178.0,53.19,14.0,53.31,78.0,16.22,13.0,16.23,252.0,24.41,43.0,24.42,18.0,68.19,15.0,68.66,2.0
2021-09-27 09:37:09.316084-04:00,33.86,68.0,33.95,15.0,17.9,269.0,17.91,11.0,16.47,961.0,16.48,1178.0,53.19,14.0,53.31,78.0,16.22,13.0,16.23,252.0,24.41,43.0,24.42,18.0,68.2,15.0,68.66,2.0
2021-09-27 09:37:09.316084-04:00,33.86,68.0,33.95,15.0,17.9,269.0,17.91,11.0,16.47,961.0,16.48,1178.0,53.19,14.0,53.31,78.0,16.22,13.0,16.23,252.0,24.41,27.0,24.42,33.0,68.2,15.0,68.66,2.0
2021-09-27 09:37:09.316084-04:00,33.86,68.0,33.95,15.0,17.9,269.0,17.91,11.0,16.47,961.0,16.48,1178.0,53.22,56.0,53.3,70.0,16.22,13.0,16.23,252.0,24.41,27.0,24.42,33.0,68.2,15.0,68.66,2.0
2021-09-27 09:37:09.316084-04:00,33.86,68.0,33.95,15.0,17.9,1323.0,17.92,380.0,16.47,961.0,16.48,1178.0,53.22,56.0,53.3,70.0,16.22,13.0,16.23,252.0,24.41,27.0,24.42,33.0,68.2,15.0,68.66,2.0
2021-09-27 09:37:17.522143-04:00,33.88,75.0,33.96,90.0,17.9,1323.0,17.92,380.0,16.47,961.0,16.48,1178.0,53.22,56.0,53.3,70.0,16.22,13.0,16.23,252.0,24.41,27.0,24.42,33.0,68.2,15.0,68.66,2.0
2021-09-27 09:37:17.522143-04:00,33.88,75.0,33.96,90.0,17.9,1323.0,17.92,380.0,16.47,961.0,16.48,1178.0,53.22,56.0,53.3,70.0,16.22,13.0,16.23,252.0,24.41,27.0,24.42,33.0,68.07,5.0,68.66,2.0
2021-09-27 09:37:25.531728-04:00,33.87,75.0,33.96,90.0,17.9,1323.0,17.92,380.0,16.47,961.0,16.48,1178.0,53.22,56.0,53.3,70.0,16.22,13.0,16.23,252.0,24.41,27.0,24.42,33.0,68.07,5.0,68.66,2.0
2021-09-27 09:37:25.531728-04:00,33.87,75.0,33.96,90.0,17.9,1355.0,17.92,289.0,16.47,961.0,16.48,1178.0,53.22,56.0,53.3,70.0,16.22,13.0,16.23,252.0,24.41,27.0,24.42,33.0,68.07,5.0,68.66,2.0
2021-09-27 09:37:25.531728-04:00,33.87,75.0,33.96,90.0,17.9,1355.0,17.92,289.0,16.47,921.0,16.48,961.0,53.22,56.0,53.3,70.0,16.22,13.0,16.23,252.0,24.41,27.0,24.42,33.0,68.07,5.0,68.66,2.0
2021-09-27 09:37:25.531728-04:00,33.87,75.0,33.96,90.0,17.9,1355.0,17.92,289.0,16.47,921.0,16.48,961.0,53.22,56.0,53.3,70.0,16.22,67.0,16.23,271.0,24.41,27.0,24.42,33.0,68.07,5.0,68.66,2.0
2021-09-27 09:37:25.531728-04:00,33.87,75.0,33.96,90.0,17.9,1355.0,17.92,289.0,16.47,921.0,16.48,961.0,53.22,56.0,53.3,70.0,16.22,67.0,16.23,271.0,24.41,67.0,24.43,130.0,68.07,5.0,68.66,2.0
2021-09-27 09:37:25.531728-04:00,33.87,75.0,33.96,90.0,17.9,1355.0,17.92,289.0,16.47,921.0,16.48,961.0,53.22,70.0,53.3,70.0,16.22,67.0,16.23,271.0,24.41,67.0,24.43,130.0,68.07,5.0,68.66,2.0
2021-09-27 09:37:25.531728-04:00,33.87,75.0,33.96,90.0,17.9,1355.0,17.92,289.0,16.47,921.0,16.48,961.0,53.23,14.0,53.3,70.0,16.22,67.0,16.23,271.0,24.41,67.0,24.43,130.0,68.07,5.0,68.66,2.0
2021-09-27 09:37:37.546604-04:00,33.87,60.0,33.95,15.0,17.9,1355.0,17.92,289.0,16.47,921.0,16.48,961.0,53.23,14.0,53.3,70.0,16.22,67.0,16.23,271.0,24.41,67.0,24.43,130.0,68.07,5.0,68.66,2.0
2021-09-27 09:37:37.546604-04:00,33.87,60.0,33.95,15.0,17.9,1355.0,17.92,289.0,16.47,921.0,16.48,961.0,53.23,14.0,53.3,70.0,16.22,58.0,16.23,235.0,24.41,67.0,24.43,130.0,68.07,5.0,68.66,2.0
2021-09-27 09:37:37.546604-04:00,33.87,60.0,33.95,15.0,17.9,846.0,17.92,429.0,16.47,921.0,16.48,961.0,53.23,14.0,53.3,70.0,16.22,58.0,16.23,235.0,24.41,67.0,24.43,130.0,68.07,5.0,68.66,2.0
2021-09-27 09:37:37.546604-04:00,33.87,60.0,33.95,15.0,17.9,846.0,17.92,429.0,16.47,276.0,16.48,1046.0,53.23,14.0,53.3,70.0,16.22,58.0,16.23,235.0,24.41,67.0,24.43,130.0,68.07,5.0,68.66,2.0
2021-09-27 09:37:37.546604-04:00,33.87,60.0,33.95,15.0,17.9,846.0,17.92,429.0,16.47,276.0,16.48,1046.0,53.23,14.0,53.3,70.0,16.22,58.0,16.23,235.0,24.41,67.0,24.43,130.0,68.11,10.0,68.66,2.0
2021-09-27 09:37:37.546604-04:00,33.87,60.0,33.95,15.0,17.9,846.0,17.92,429.0,16.47,276.0,16.48,1046.0,53.23,14.0,53.3,70.0,16.22,58.0,16.23,235.0,24.41,62.0,24.43,130.0,68.11,10.0,68.66,2.0
2021-09-27 09:37:37.546604-04:00,33.87,60.0,33.95,15.0,17.9,846.0,17.92,429.0,16.47,276.0,16.48,1046.0,53.22,70.0,53.3,28.0,16.22,58.0,16.23,235.0,24.41,62.0,24.43,130.0,68.11,10.0,68.66,2.0
2021-09-27 09:37:37.546604-04:00,33.87,60.0,33.95,15.0,17.9,846.0,17.92,429.0,16.47,276.0,16.48,1046.0,53.22,70.0,53.3,28.0,16.22,58.0,16.23,235.0,24.41,61.0,24.43,130.0,68.11,10.0,68.66,2.0
2021-09-27 09:37:37.546604-04:00,33.87,60.0,33.95,15.0,17.9,846.0,17.92,429.0,16.47,285.0,16.48,1052.0,53.22,70.0,53.3,28.0,16.22,58.0,16.23,235.0,24.41,61.0,24.43,130.0,68.11,10.0,68.66,2.0
2021-09-27 09:37:37.546604-04:00,33.87,60.0,33.95,15.0,17.9,869.0,17.91,1.0,16.47,285.0,16.48,1052.0,53.22,70.0,53.3,28.0,16.22,58.0,16.23,249.0,24.41,61.0,24.43,130.0,68.17,10.0,68.66,2.0
2021-09-27 09:37:37.546604-04:00,33.87,60.0,33.95,15.0,17.9,869.0,17.91,1.0,16.47,285.0,16.48,1052.0,53.22,70.0,53.3,28.0,16.21,65.0,16.23,232.0,24.41,61.0,24.43,130.0,68.17,10.0,68.66,2.0
2021-09-27 09:37:37.546604-04:00,33.87,60.0,33.95,15.0,17.9,869.0,17.91,1.0,16.47,285.0,16.48,1052.0,53.23,70.0,53.31,56.0,16.21,65.0,16.23,232.0,24.41,61.0,24.43,130.0,68.17,10.0,68.66,2.0
2021-09-27 09:37:57.512225-04:00,33.86,75.0,33.95,90.0,17.9,869.0,17.91,1.0,16.47,285.0,16.48,1052.0,53.23,70.0,53.31,56.0,16.21,65.0,16.23,232.0,24.41,61.0,24.43,130.0,68.17,10.0,68.66,2.0
2021-09-27 09:37:57.512225-04:00,33.86,75.0,33.95,90.0,17.9,869.0,17.91,1.0,16.47,285.0,16.48,1052.0,53.23,70.0,53.31,56.0,16.21,65.0,16.23,232.0,24.41,7.0,24.42,29.0,68.17,10.0,68.66,2.0
2021-09-27 09:37:57.512225-04:00,33.86,75.0,33.95,90.0,17.9,258.0,17.91,53.0,16.47,285.0,16.48,1052.0,53.23,70.0,53.31,56.0,16.21,65.0,16.23,232.0,24.41,7.0,24.42,29.0,68.17,10.0,68.66,2.0
2021-09-27 09:37:57.512225-04:00,33.86,75.0,33.95,90.0,17.9,258.0,17.91,53.0,16.47,268.0,16.48,1389.0,53.23,70.0,53.31,56.0,16.21,65.0,16.23,232.0,24.41,7.0,24.42,29.0,68.17,10.0,68.66,2.0
2021-09-27 09:37:57.512225-04:00,33.86,75.0,33.95,90.0,17.9,258.0,17.91,53.0,16.47,268.0,16.48,1389.0,53.23,70.0,53.31,56.0,16.21,65.0,16.23,232.0,24.41,7.0,24.42,29.0,68.18,10.0,68.66,2.0
2021-09-27 09:37:57.512225-04:00,33.86,75.0,33.95,90.0,17.9,258.0,17.91,53.0,16.47,268.0,16.48,1389.0,53.23,70.0,53.31,56.0,16.21,65.0,16.23,230.0,24.41,7.0,24.42,29.0,68.18,10.0,68.66,2.0
2021-09-27 09:37:57.512225-04:00,33.86,75.0,33.95,90.0,17.9,258.0,17.91,53.0,16.47,268.0,16.48,1389.0,53.23,70.0,53.31,56.0,16.21,65.0,16.23,230.0,24.41,7.0,24.42,29.0,68.21,15.0,68.66,2.0
2021-09-27 09:37:57.512225-04:00,33.86,75.0,33.95,90.0,17.9,258.0,17.91,53.0,16.47,268.0,16.48,1389.0,53.26,70.0,53.35,84.0,16.21,65.0,16.23,230.0,24.41,7.0,24.42,29.0,68.21,15.0,68.66,2.0
2021-09-27 09:38:07.520468-04:00,33.83,15.0,33.92,75.0,17.9,258.0,17.91,53.0,16.47,268.0,16.48,1389.0,53.26,70.0,53.35,84.0,16.21,65.0,16.23,230.0,24.4,57.0,24.42,153.0,68.21,15.0,68.66,2.0
2021-09-27 09:38:07.520468-04:00,33.83,15.0,33.92,75.0,17.89,45.0,17.9,11.0,16.46,943.0,16.47,258.0,53.26,70.0,53.35,84.0,16.21,65.0,16.23,230.0,24.4,57.0,24.42,153.0,68.21,15.0,68.66,2.0
2021-09-27 09:38:07.520468-04:00,33.83,15.0,33.92,75.0,17.89,45.0,17.9,11.0,16.46,943.0,16.47,258.0,53.26,70.0,53.35,84.0,16.21,65.0,16.23,230.0,24.4,57.0,24.42,161.0,68.21,15.0,68.66,2.0
2021-09-27 09:38:11.524762-04:00,33.83,75.0,33.92,75.0,17.89,45.0,17.9,11.0,16.46,943.0,16.47,258.0,53.26,70.0,53.35,84.0,16.21,65.0,16.23,230.0,24.4,57.0,24.42,161.0,68.21,15.0,68.66,2.0
2021-09-27 09:38:11.524762-04:00,33.83,75.0,33.92,75.0,17.89,304.0,17.9,91.0,16.46,943.0,16.47,258.0,53.26,70.0,53.35,84.0,16.21,65.0,16.23,230.0,24.4,57.0,24.42,161.0,68.21,15.0,68.66,2.0
2021-09-27 09:38:11.524762-04:00,33.83,75.0,33.92,75.0,17.89,304.0,17.9,91.0,16.46,943.0,16.47,258.0,53.26,70.0,53.34,56.0,16.21,65.0,16.23,230.0,24.4,57.0,24.42,161.0,68.21,15.0,68.66,2.0
2021-09-27 09:38:11.524762-04:00,33.83,75.0,33.92,75.0,17.89,304.0,17.9,91.0,16.46,1129.0,16.47,595.0,53.26,70.0,53.34,56.0,16.21,65.0,16.23,230.0,24.4,57.0,24.42,161.0,68.21,15.0,68.66,2.0
2021-09-27 09:38:11.524762-04:00,33.83,75.0,33.92,75.0,17.89,304.0,17.9,91.0,16.46,1129.0,16.47,595.0,53.26,70.0,53.34,56.0,16.21,65.0,16.23,230.0,24.4,57.0,24.42,145.0,68.21,15.0,68.66,2.0
2021-09-27 09:38:24.542968-04:00,33.84,75.0,33.93,60.0,17.89,304.0,17.9,91.0,16.46,1129.0,16.47,595.0,53.26,70.0,53.34,56.0,16.21,65.0,16.23,230.0,24.4,57.0,24.42,145.0,68.21,15.0,68.66,2.0
2021-09-27 09:38:24.542968-04:00,33.84,75.0,33.93,60.0,17.89,304.0,17.9,91.0,16.46,1129.0,16.47,595.0,53.25,70.0,53.33,70.0,16.21,65.0,16.23,230.0,24.4,57.0,24.42,145.0,68.21,15.0,68.66,2.0
2021-09-27 09:38:24.542968-04:00,33.84,75.0,33.93,60.0,17.89,304.0,17.9,91.0,16.46,914.0,16.47,95.0,53.25,70.0,53.33,70.0,16.21,65.0,16.23,230.0,24.4,57.0,24.42,145.0,68.21,15.0,68.66,2.0
2021-09-27 09:38:24.542968-04:00,33.84,75.0,33.93,60.0,17.89,1009.0,17.91,317.0,16.46,914.0,16.47,95.0,53.25,70.0,53.33,70.0,16.21,65.0,16.23,230.0,24.4,57.0,24.42,145.0,68.21,15.0,68.66,2.0
2021-09-27 09:38:24.542968-04:00,33.84,75.0,33.93,60.0,17.89,1052.0,17.91,317.0,16.46,914.0,16.47,95.0,53.25,70.0,53.33,70.0,16.21,65.0,16.23,230.0,24.4,57.0,24.42,145.0,68.21,15.0,68.66,2.0
2021-09-27 09:38:24.542968-04:00,33.84,75.0,33.93,60.0,17.89,1052.0,17.91,317.0,16.47,161.0,16.48,1040.0,53.25,70.0,53.33,70.0,16.21,65.0,16.23,230.0,24.4,57.0,24.42,145.0,68.21,15.0,68.66,2.0
2021-09-27 09:38:37.560153-04:00,33.85,75.0,33.93,60.0,17.89,1052.0,17.91,317.0,16.47,161.0,16.48,1040.0,53.25,70.0,53.33,70.0,16.21,65.0,16.23,230.0,24.4,57.0,24.42,145.0,68.21,15.0,68.66,2.0
2021-09-27 09:38:37.560153-04:00,33.85,75.0,33.93,60.0,17.89,1052.0,17.91,317.0,16.47,161.0,16.48,1040.0,53.25,70.0,53.33,70.0,16.21,65.0,16.23,230.0,24.4,57.0,24.42,148.0,68.21,15.0,68.66,2.0
2021-09-27 09:38:37.560153-04:00,33.85,75.0,33.93,60.0,17.89,1052.0,17.91,317.0,16.47,161.0,16.48,1040.0,53.25,70.0,53.33,70.0,16.21,61.0,16.23,230.0,24.4,57.0,24.42,148.0,68.21,15.0,68.66,2.0
2021-09-27 09:38:37.560153-04:00,33.85,75.0,33.93,60.0,17.89,1052.0,17.91,317.0,16.47,161.0,16.48,1040.0,53.25,70.0,53.33,70.0,16.21,61.0,16.23,230.0,24.4,57.0,24.42,148.0,68.22,5.0,68.66,2.0
2021-09-27 09:38:37.560153-04:00,33.85,75.0,33.93,60.0,17.89,1052.0,17.91,317.0,16.47,161.0,16.48,1040.0,53.25,28.0,53.32,28.0,16.21,61.0,16.23,230.0,24.4,57.0,24.42,148.0,68.22,5.0,68.66,2.0
2021-09-27 09:38:47.574379-04:00,33.85,75.0,33.93,15.0,17.89,1052.0,17.91,317.0,16.47,161.0,16.48,1040.0,53.25,28.0,53.32,28.0,16.21,61.0,16.23,230.0,24.4,57.0,24.42,148.0,68.22,5.0,68.66,2.0
2021-09-27 09:38:47.574379-04:00,33.85,75.0,33.93,15.0,17.89,1052.0,17.91,317.0,16.47,227.0,16.48,1325.0,53.25,28.0,53.32,28.0,16.21,61.0,16.23,230.0,24.4,57.0,24.42,148.0,68.22,5.0,68.66,2.0
2021-09-27 09:38:47.574379-04:00,33.85,75.0,33.93,15.0,17.9,43.0,17.91,416.0,16.47,227.0,16.48,1325.0,53.25,28.0,53.32,28.0,16.21,61.0,16.23,230.0,24.4,57.0,24.42,148.0,68.22,5.0,68.66,2.0
2021-09-27 09:38:52.579996-04:00,33.85,75.0,33.94,75.0,17.9,43.0,17.91,416.0,16.47,227.0,16.48,1325.0,53.24,70.0,53.32,70.0,16.21,61.0,16.23,230.0,24.4,57.0,24.42,148.0,68.22,5.0,68.66,2.0
2021-09-27 09:38:52.579996-04:00,33.85,75.0,33.94,75.0,17.9,43.0,17.91,416.0,16.47,497.0,16.48,1418.0,53.24,70.0,53.32,70.0,16.21,61.0,16.23,230.0,24.4,57.0,24.42,148.0,68.22,5.0,68.66,2.0
2021-09-27 09:38:52.579996-04:00,33.85,75.0,33.94,75.0,17.89,1134.0,17.91,61.0,16.47,497.0,16.48,1418.0,53.24,70.0,53.32,70.0,16.21,61.0,16.23,230.0,24.4,57.0,24.42,148.0,68.22,5.0,68.66,2.0
2021-09-27 09:39:03.593549-04:00,33.85,15.0,33.93,75.0,17.89,1134.0,17.91,61.0,16.47,497.0,16.48,1418.0,53.24,70.0,53.32,70.0,16.21,61.0,16.23,230.0,24.4,57.0,24.42,148.0,68.22,5.0,68.66,2.0
2021-09-27 09:39:03.593549-04:00,33.85,15.0,33.93,75.0,17.89,1134.0,17.91,61.0,16.47,497.0,16.48,1418.0,53.24,70.0,53.32,70.0,16.21,61.0,16.23,230.0,24.4,57.0,24.42,148.0,68.21,5.0,68.66,2.0
2021-09-27 09:39:03.593549-04:00,33.85,15.0,33.93,75.0,17.89,1134.0,17.91,61.0,16.47,497.0,16.48,1418.0,53.25,70.0,53.33,70.0,16.21,61.0,16.23,230.0,24.4,57.0,24.42,148.0,68.21,5.0,68.66,2.0
2021-09-27 09:39:03.593549-04:00,33.85,15.0,33.93,75.0,17.89,1134.0,17.91,61.0,16.47,497.0,16.48,1418.0,53.25,70.0,53.33,70.0,16.21,61.0,16.23,230.0,24.4,57.0,24.42,162.0,68.21,5.0,68.66,2.0
2021-09-27 09:39:03.593549-04:00,33.85,15.0,33.93,75.0,17.89,399.0,17.91,250.0,16.47,497.0,16.48,1418.0,53.25,70.0,53.33,70.0,16.21,61.0,16.23,230.0,24.4,57.0,24.42,162.0,68.21,5.0,68.66,2.0
2021-09-27 09:39:03.593549-04:00,33.85,15.0,33.93,75.0,17.89,399.0,17.91,250.0,16.47,28.0,16.48,1014.0,53.25,70.0,53.33,70.0,16.21,61.0,16.23,230.0,24.4,57.0,24.42,162.0,68.21,5.0,68.66,2.0
2021-09-27 09:39:03.593549-04:00,33.85,15.0,33.93,75.0,17.89,1140.0,17.91,379.0,16.47,28.0,16.48,1014.0,53.25,70.0,53.33,70.0,16.21,61.0,16.23,230.0,24.4,57.0,24.42,162.0,68.21,5.0,68.66,2.0
2021-09-27 09:39:03.593549-04:00,33.85,15.0,33.93,75.0,17.89,1140.0,17.91,379.0,16.47,23.0,16.48,904.0,53.25,70.0,53.33,70.0,16.21,61.0,16.23,230.0,24.4,57.0,24.42,162.0,68.21,5.0,68.66,2.0
2021-09-27 09:39:03.593549-04:00,33.85,15.0,33.93,75.0,17.89,1140.0,17.91,379.0,16.47,23.0,16.48,904.0,53.25,14.0,53.33,70.0,16.21,61.0,16.23,230.0,24.4,57.0,24.42,162.0,68.21,5.0,68.66,2.0
2021-09-27 09:39:15.610421-04:00,33.85,15.0,33.93,15.0,17.89,1140.0,17.91,379.0,16.47,23.0,16.48,904.0,53.25,14.0,53.33,70.0,16.21,61.0,16.23,230.0,24.4,57.0,24.42,162.0,68.21,5.0,68.66,2.0
2021-09-27 09:39:15.610421-04:00,33.85,15.0,33.93,15.0,17.89,1140.0,17.91,379.0,16.47,23.0,16.48,904.0,53.3,70.0,53.38,14.0,16.21,61.0,16.23,230.0,24.4,57.0,24.42,162.0,68.21,5.0,68.66,2.0
2021-09-27 09:39:15.610421-04:00,33.85,15.0,33.93,15.0,17.89,1140.0,17.91,379.0,16.47,23.0,16.48,904.0,53.3,70.0,53.38,14.0,16.21,61.0,16.23,230.0,24.4,57.0,24.42,161.0,68.21,5.0,68.66,2.0
2021-09-27 09:39:27.625298-04:00,33.8,30.0,33.89,75.0,17.89,1140.0,17.91,379.0,16.47,23.0,16.48,904.0,53.3,70.0,53.38,14.0,16.21,61.0,16.23,230.0,24.4,57.0,24.42,161.0,68.21,5.0,68.66,2.0
2021-09-27 09:39:27.625298-04:00,33.8,30.0,33.89,75.0,17.88,44.0,17.89,130.0,16.47,23.0,16.48,904.0,53.3,70.0,53.38,14.0,16.21,61.0,16.23,230.0,24.4,57.0,24.42,161.0,68.21,5.0,68.66,2.0
2021-09-27 09:39:27.625298-04:00,33.8,30.0,33.89,75.0,17.88,44.0,17.89,130.0,16.46,384.0,16.47,1182.0,53.3,70.0,53.38,14.0,16.21,61.0,16.23,230.0,24.4,57.0,24.42,161.0,68.21,5.0,68.66,2.0
2021-09-27 09:39:27.625298-04:00,33.8,30.0,33.89,75.0,17.88,44.0,17.89,130.0,16.46,384.0,16.47,1182.0,53.3,70.0,53.38,14.0,16.21,61.0,16.22,37.0,24.4,57.0,24.42,161.0,68.22,5.0,68.66,2.0
2021-09-27 09:39:27.625298-04:00,33.8,30.0,33.89,75.0,17.88,44.0,17.89,130.0,16.46,384.0,16.47,1182.0,53.3,70.0,53.38,14.0,16.21,61.0,16.22,37.0,24.4,57.0,24.42,161.0,68.21,5.0,68.66,2.0
2021-09-27 09:39:27.625298-04:00,33.8,30.0,33.89,75.0,17.88,44.0,17.89,130.0,16.46,384.0,16.47,1182.0,53.29,70.0,53.37,70.0,16.21,61.0,16.22,37.0,24.4,57.0,24.42,161.0,68.21,5.0,68.66,2.0
2021-09-27 09:39:37.636533-04:00,33.81,60.0,33.9,60.0,17.88,219.0,17.9,264.0,16.46,836.0,16.47,1368.0,53.29,70.0,53.37,70.0,16.21,61.0,16.22,37.0,24.4,57.0,24.42,161.0,68.21,5.0,68.66,2.0
2021-09-27 09:39:37.636533-04:00,33.81,60.0,33.9,60.0,17.88,219.0,17.9,264.0,16.46,836.0,16.47,1368.0,53.29,70.0,53.37,70.0,16.21,61.0,16.22,69.0,24.4,57.0,24.42,161.0,68.21,5.0,68.66,2.0
2021-09-27 09:39:49.856861-04:00,33.81,75.0,33.9,60.0,17.88,219.0,17.9,264.0,16.46,836.0,16.47,1368.0,53.29,70.0,53.37,70.0,16.21,61.0,16.22,69.0,24.4,57.0,24.42,161.0,68.21,5.0,68.66,2.0
2021-09-27 09:39:49.856861-04:00,33.81,75.0,33.9,60.0,17.88,219.0,17.9,264.0,16.46,836.0,16.47,1368.0,53.29,70.0,53.36,14.0,16.21,61.0,16.22,69.0,24.4,57.0,24.42,161.0,68.21,5.0,68.66,2.0
2021-09-27 09:39:49.856861-04:00,33.81,75.0,33.9,60.0,17.88,459.0,17.9,258.0,16.46,836.0,16.47,1368.0,53.29,70.0,53.36,14.0,16.21,61.0,16.22,69.0,24.4,57.0,24.42,161.0,68.21,5.0,68.66,2.0
2021-09-27 09:39:49.856861-04:00,33.81,75.0,33.9,60.0,17.88,459.0,17.9,258.0,16.46,836.0,16.47,1368.0,53.29,70.0,53.36,70.0,16.21,61.0,16.22,69.0,24.4,57.0,24.42,161.0,68.21,5.0,68.66,2.0
2021-09-27 09:39:53.656700-04:00,33.82,60.0,33.9,60.0,17.88,459.0,17.9,258.0,16.46,836.0,16.47,1368.0,53.29,70.0,53.36,70.0,16.21,61.0,16.22,69.0,24.4,57.0,24.42,161.0,68.21,5.0,68.66,2.0
2021-09-27 09:39:53.656700-04:00,33.82,60.0,33.9,60.0,17.88,1301.0,17.9,258.0,16.46,836.0,16.47,1368.0,53.29,70.0,53.36,70.0,16.21,61.0,16.22,69.0,24.4,57.0,24.42,161.0,68.21,5.0,68.66,2.0
2021-09-27 09:40:03.254041-04:00,33.82,75.0,33.89,75.0,17.88,1301.0,17.9,258.0,16.46,836.0,16.47,1368.0,53.29,70.0,53.36,70.0,16.21,61.0,16.22,69.0,24.4,57.0,24.42,161.0,68.21,5.0,68.66,2.0
2021-09-27 09:40:03.254041-04:00,33.82,75.0,33.89,75.0,17.88,456.0,17.9,258.0,16.46,836.0,16.47,1368.0,53.29,70.0,53.36,70.0,16.21,61.0,16.22,69.0,24.4,57.0,24.42,161.0,68.21,5.0,68.66,2.0
2021-09-27 09:40:03.254041-04:00,33.82,75.0,33.89,75.0,17.88,456.0,17.9,258.0,16.46,836.0,16.47,1368.0,53.3,14.0,53.35,14.0,16.21,61.0,16.22,69.0,24.4,57.0,24.42,161.0,68.21,5.0,68.66,2.0
2021-09-27 09:40:16.702088-04:00,33.82,60.0,33.89,75.0,17.88,456.0,17.9,258.0,16.46,836.0,16.47,1368.0,53.3,14.0,53.35,14.0,16.21,61.0,16.22,69.0,24.4,57.0,24.42,161.0,68.21,5.0,68.66,2.0
2021-09-27 09:40:16.702088-04:00,33.82,60.0,33.89,75.0,17.88,1251.0,17.9,260.0,16.46,836.0,16.47,1368.0,53.3,14.0,53.35,14.0,16.21,61.0,16.22,69.0,24.4,57.0,24.42,161.0,68.21,5.0,68.66,2.0
2021-09-27 09:40:16.702088-04:00,33.82,60.0,33.89,75.0,17.88,1251.0,17.9,260.0,16.46,836.0,16.47,1368.0,53.31,56.0,53.4,14.0,16.21,61.0,16.22,69.0,24.4,57.0,24.42,161.0,68.21,5.0,68.66,2.0
2021-09-27 09:40:29.987569-04:00,33.81,15.0,33.88,75.0,17.88,1251.0,17.9,260.0,16.46,836.0,16.47,1368.0,53.31,56.0,53.4,14.0,16.21,61.0,16.22,69.0,24.4,57.0,24.42,161.0,68.21,5.0,68.66,2.0
2021-09-27 09:40:29.987569-04:00,33.81,15.0,33.88,75.0,17.88,1251.0,17.9,260.0,16.46,845.0,16.47,1554.0,53.31,56.0,53.4,14.0,16.21,61.0,16.22,69.0,24.4,57.0,24.42,161.0,68.21,5.0,68.66,2.0
2021-09-27 09:40:29.987569-04:00,33.81,15.0,33.88,75.0,17.88,4.0,17.89,168.0,16.46,845.0,16.47,1554.0,53.31,56.0,53.4,14.0,16.21,61.0,16.22,171.0,24.4,57.0,24.42,161.0,68.22,5.0,68.66,2.0
2021-09-27 09:40:29.987569-04:00,33.81,15.0,33.88,75.0,17.88,4.0,17.89,168.0,16.46,845.0,16.47,1554.0,53.31,56.0,53.4,14.0,16.21,61.0,16.22,85.0,24.4,57.0,24.42,161.0,68.22,5.0,68.66,2.0
2021-09-27 09:40:29.987569-04:00,33.81,15.0,33.88,75.0,17.88,4.0,17.89,168.0,16.46,845.0,16.47,1554.0,53.31,56.0,53.4,14.0,16.21,61.0,16.22,85.0,24.4,57.0,24.42,161.0,68.21,5.0,68.66,2.0
2021-09-27 09:40:29.987569-04:00,33.81,15.0,33.88,75.0,17.88,4.0,17.89,168.0,16.46,831.0,16.47,1368.0,53.31,56.0,53.4,14.0,16.21,61.0,16.22,85.0,24.4,57.0,24.42,161.0,68.21,5.0,68.66,2.0
2021-09-27 09:40:29.987569-04:00,33.81,15.0,33.88,75.0,17.88,4.0,17.89,168.0,16.46,831.0,16.47,1368.0,53.29,70.0,53.36,70.0,16.21,61.0,16.22,85.0,24.4,57.0,24.42,161.0,68.21,5.0,68.66,2.0
2021-09-27 09:40:34.708943-04:00,33.82,75.0,33.89,15.0,17.88,4.0,17.89,168.0,16.46,831.0,16.47,1368.0,53.29,70.0,53.36,70.0,16.21,61.0,16.22,85.0,24.4,57.0,24.42,161.0,68.21,5.0,68.66,2.0
2021-09-27 09:40:34.708943-04:00,33.82,75.0,33.89,15.0,17.88,405.0,17.9,170.0,16.46,831.0,16.47,1368.0,53.29,70.0,53.36,70.0,16.21,61.0,16.22,85.0,24.4,57.0,24.42,161.0,68.21,5.0,68.66,2.0
2021-09-27 09:40:34.708943-04:00,33.82,75.0,33.89,15.0,17.88,405.0,17.9,170.0,16.46,831.0,16.47,1368.0,53.29,70.0,53.35,70.0,16.21,61.0,16.22,85.0,24.4,57.0,24.42,161.0,68.21,5.0,68.66,2.0
2021-09-27 09:40:38.716229-04:00,33.83,30.0,33.89,15.0,17.88,405.0,17.9,170.0,16.46,831.0,16.47,1368.0,53.29,70.0,53.35,70.0,16.21,61.0,16.22,85.0,24.4,57.0,24.42,161.0,68.21,5.0,68.66,2.0
2021-09-27 09:40:38.716229-04:00,33.83,30.0,33.89,15.0,17.88,1094.0,17.9,170.0,16.46,831.0,16.47,1368.0,53.29,70.0,53.35,70.0,16.21,61.0,16.22,85.0,24.4,57.0,24.42,161.0,68.21,5.0,68.66,2.0
2021-09-27 09:40:38.716229-04:00,33.83,30.0,33.89,15.0,17.88,1236.0,17.9,170.0,16.46,831.0,16.47,1368.0,53.29,70.0,53.35,70.0,16.21,61.0,16.22,85.0,24.4,57.0,24.42,161.0,68.21,5.0,68.66,2.0
2021-09-27 09:40:56.757993-04:00,33.82,75.0,33.89,15.0,17.88,1236.0,17.9,170.0,16.46,831.0,16.47,1368.0,53.29,70.0,53.36,70.0,16.21,61.0,16.22,85.0,24.4,57.0,24.42,161.0,68.21,5.0,68.66,2.0
2021-09-27 09:40:56.757993-04:00,33.82,75.0,33.89,15.0,17.88,1236.0,17.9,170.0,16.46,831.0,16.47,1368.0,53.29,28.0,53.35,70.0,16.21,61.0,16.22,85.0,24.4,57.0,24.42,161.0,68.21,5.0,68.66,2.0
2021-09-27 09:40:58.743684-04:00,33.83,30.0,33.89,15.0,17.88,1236.0,17.9,170.0,16.46,831.0,16.47,1368.0,53.29,28.0,53.35,70.0,16.21,61.0,16.22,85.0,24.4,57.0,24.42,161.0,68.21,5.0,68.66,2.0
2021-09-27 09:40:58.743684-04:00,33.83,30.0,33.89,15.0,17.88,1236.0,17.9,170.0,16.46,831.0,16.47,1368.0,53.29,28.0,53.35,70.0,16.21,57.0,16.23,182.0,24.4,57.0,24.42,161.0,68.21,5.0,68.66,2.0
2021-09-27 09:40:58.743684-04:00,33.83,30.0,33.89,15.0,17.88,1236.0,17.9,170.0,16.46,831.0,16.47,1368.0,53.29,28.0,53.35,70.0,16.21,57.0,16.23,182.0,24.4,57.0,24.42,161.0,68.12,10.0,68.66,2.0
2021-09-27 09:40:58.743684-04:00,33.83,30.0,33.89,15.0,17.88,1236.0,17.9,170.0,16.46,831.0,16.47,1368.0,53.29,14.0,53.34,28.0,16.21,57.0,16.23,182.0,24.4,57.0,24.42,161.0,68.12,10.0,68.66,2.0
2021-09-27 09:41:17.511507-04:00,33.83,75.0,33.9,75.0,17.88,1236.0,17.9,170.0,16.46,831.0,16.47,1368.0,53.29,14.0,53.34,28.0,16.21,57.0,16.23,182.0,24.4,57.0,24.42,161.0,68.12,10.0,68.66,2.0
2021-09-27 09:41:17.511507-04:00,33.83,75.0,33.9,75.0,17.88,1236.0,17.9,170.0,16.46,831.0,16.47,1368.0,53.29,14.0,53.34,28.0,16.21,57.0,16.23,182.0,24.4,58.0,24.42,151.0,68.12,10.0,68.66,2.0
2021-09-27 09:41:17.511507-04:00,33.83,75.0,33.9,75.0,17.88,1236.0,17.9,170.0,16.46,941.0,16.47,549.0,53.29,14.0,53.34,28.0,16.21,57.0,16.23,182.0,24.4,58.0,24.42,151.0,68.12,10.0,68.66,2.0
2021-09-27 09:41:17.511507-04:00,33.83,75.0,33.9,75.0,17.89,43.0,17.9,140.0,16.46,941.0,16.47,549.0,53.29,14.0,53.34,28.0,16.21,57.0,16.23,182.0,24.4,58.0,24.42,151.0,68.12,10.0,68.66,2.0
2021-09-27 09:41:17.511507-04:00,33.83,75.0,33.9,75.0,17.89,43.0,17.9,140.0,16.46,941.0,16.47,549.0,53.29,14.0,53.34,28.0,16.21,57.0,16.23,182.0,24.4,57.0,24.42,151.0,68.12,10.0,68.66,2.0
2021-09-27 09:41:17.511507-04:00,33.83,75.0,33.9,75.0,17.89,43.0,17.9,140.0,16.46,1127.0,16.47,867.0,53.29,14.0,53.34,28.0,16.21,57.0,16.23,182.0,24.4,57.0,24.42,151.0,68.12,10.0,68.66,2.0
2021-09-27 09:41:17.511507-04:00,33.83,75.0,33.9,75.0,17.89,43.0,17.9,140.0,16.46,1127.0,16.47,867.0,53.27,70.0,53.34,70.0,16.21,57.0,16.23,182.0,24.4,57.0,24.42,151.0,68.12,10.0,68.66,2.0
2021-09-27 09:41:23.533407-04:00,33.84,75.0,33.91,75.0,17.89,43.0,17.9,140.0,16.46,1127.0,16.47,867.0,53.27,70.0,53.34,70.0,16.21,57.0,16.23,182.0,24.4,57.0,24.42,151.0,68.12,10.0,68.66,2.0
2021-09-27 09:41:23.533407-04:00,33.84,75.0,33.91,75.0,17.89,86.0,17.9,96.0,16.46,1127.0,16.47,867.0,53.27,70.0,53.34,70.0,16.21,57.0,16.23,182.0,24.4,57.0,24.42,151.0,68.12,10.0,68.66,2.0
2021-09-27 09:41:23.533407-04:00,33.84,75.0,33.91,75.0,17.89,86.0,17.9,96.0,16.46,1127.0,16.47,867.0,53.27,70.0,53.34,70.0,16.21,57.0,16.23,182.0,24.4,57.0,24.42,151.0,68.12,10.0,68.63,2.0
2021-09-27 09:41:23.533407-04:00,33.84,75.0,33.91,75.0,17.89,86.0,17.9,96.0,16.46,1127.0,16.47,867.0,53.25,14.0,53.32,70.0,16.21,57.0,16.23,182.0,24.4,57.0,24.42,151.0,68.12,10.0,68.63,2.0
2021-09-27 09:41:23.533407-04:00,33.84,75.0,33.91,75.0,17.89,1375.0,17.91,252.0,16.46,1127.0,16.47,867.0,53.25,14.0,53.32,70.0,16.21,57.0,16.23,182.0,24.41,7.0,24.42,20.0,68.12,10.0,68.63,2.0
2021-09-27 09:41:36.873739-04:00,33.86,75.0,33.92,15.0,17.89,1375.0,17.91,252.0,16.46,1127.0,16.47,867.0,53.25,14.0,53.32,70.0,16.21,57.0,16.23,182.0,24.41,7.0,24.42,20.0,68.12,10.0,68.63,2.0
2021-09-27 09:41:36.873739-04:00,33.86,75.0,33.92,15.0,17.89,1375.0,17.91,252.0,16.46,901.0,16.47,2.0,53.25,14.0,53.32,70.0,16.21,57.0,16.23,182.0,24.41,7.0,24.42,20.0,68.12,10.0,68.63,2.0
2021-09-27 09:41:36.873739-04:00,33.86,75.0,33.92,15.0,17.89,1375.0,17.91,252.0,16.46,901.0,16.47,2.0,53.26,70.0,53.32,70.0,16.21,57.0,16.23,182.0,24.41,7.0,24.42,20.0,68.12,10.0,68.63,2.0
2021-09-27 09:41:36.873739-04:00,33.86,75.0,33.92,15.0,17.89,1375.0,17.91,252.0,16.46,901.0,16.47,2.0,53.26,70.0,53.32,70.0,16.21,57.0,16.23,182.0,24.41,39.0,24.42,32.0,68.12,10.0,68.63,2.0
2021-09-27 09:41:36.873739-04:00,33.86,75.0,33.92,15.0,17.89,1375.0,17.91,252.0,16.46,901.0,16.47,2.0,53.26,70.0,53.32,70.0,16.22,12.0,16.23,206.0,24.41,39.0,24.42,32.0,68.12,10.0,68.63,2.0
2021-09-27 09:41:50.240004-04:00,33.86,15.0,33.92,75.0,17.89,1044.0,17.91,256.0,16.46,1083.0,16.47,92.0,53.26,70.0,53.32,70.0,16.22,12.0,16.23,206.0,24.41,39.0,24.42,32.0,68.12,10.0,68.63,2.0
2021-09-27 09:41:50.240004-04:00,33.86,15.0,33.92,75.0,17.89,1044.0,17.91,256.0,16.46,1083.0,16.47,92.0,53.26,70.0,53.32,70.0,16.22,12.0,16.23,206.0,24.41,64.0,24.42,2.0,68.12,10.0,68.63,2.0
2021-09-27 09:41:50.240004-04:00,33.86,15.0,33.92,75.0,17.89,1044.0,17.91,256.0,16.46,1083.0,16.47,92.0,53.25,42.0,53.3,14.0,16.22,12.0,16.23,206.0,24.41,64.0,24.42,2.0,68.12,10.0,68.63,2.0
2021-09-27 09:41:57.501589-04:00,33.87,75.0,33.93,15.0,17.89,1044.0,17.91,256.0,16.46,1083.0,16.47,92.0,53.25,42.0,53.3,14.0,16.22,12.0,16.23,206.0,24.41,64.0,24.42,2.0,68.12,10.0,68.63,2.0
2021-09-27 09:41:57.501589-04:00,33.87,75.0,33.93,15.0,17.9,557.0,17.91,87.0,16.46,1083.0,16.47,92.0,53.25,42.0,53.3,14.0,16.22,12.0,16.23,206.0,24.41,64.0,24.42,2.0,68.12,10.0,68.63,2.0
2021-09-27 09:41:57.501589-04:00,33.87,75.0,33.93,15.0,17.9,557.0,17.91,87.0,16.46,1083.0,16.47,92.0,53.25,42.0,53.3,14.0,16.22,12.0,16.23,206.0,24.41,64.0,24.42,2.0,68.12,10.0,68.63,26.0
2021-09-27 09:41:57.501589-04:00,33.87,75.0,33.93,15.0,17.9,557.0,17.91,87.0,16.47,797.0,16.48,1459.0,53.25,42.0,53.3,14.0,16.22,12.0,16.23,206.0,24.41,64.0,24.42,2.0,68.12,10.0,68.63,26.0
2021-09-27 09:41:57.501589-04:00,33.87,75.0,33.93,15.0,17.9,557.0,17.91,87.0,16.47,797.0,16.48,1459.0,53.25,42.0,53.3,14.0,16.22,52.0,16.23,192.0,24.41,64.0,24.42,2.0,68.12,10.0,68.63,26.0
2021-09-27 09:41:57.501589-04:00,33.87,75.0,33.93,15.0,17.9,557.0,17.91,87.0,16.47,797.0,16.48,1459.0,53.25,42.0,53.3,14.0,16.22,52.0,16.23,192.0,24.41,64.0,24.42,2.0,68.12,10.0,68.61,2.0
2021-09-27 09:41:57.501589-04:00,33.87,75.0,33.93,15.0,17.9,557.0,17.91,87.0,16.47,797.0,16.48,1459.0,53.21,70.0,53.27,70.0,16.22,52.0,16.23,192.0,24.41,64.0,24.42,2.0,68.12,10.0,68.61,2.0
2021-09-27 09:42:07.514818-04:00,33.9,47.0,33.97,15.0,17.9,557.0,17.91,87.0,16.47,797.0,16.48,1459.0,53.21,70.0,53.27,70.0,16.22,52.0,16.23,192.0,24.41,64.0,24.42,2.0,68.12,10.0,68.61,2.0
2021-09-27 09:42:07.514818-04:00,33.9,47.0,33.97,15.0,17.91,716.0,17.92,1.0,16.47,797.0,16.48,1459.0,53.21,70.0,53.27,70.0,16.22,52.0,16.23,192.0,24.41,64.0,24.42,2.0,68.12,10.0,68.61,2.0
2021-09-27 09:42:07.514818-04:00,33.9,47.0,33.97,15.0,17.91,716.0,17.92,1.0,16.47,983.0,16.48,465.0,53.21,70.0,53.27,70.0,16.22,52.0,16.23,192.0,24.41,64.0,24.42,2.0,68.12,10.0,68.61,2.0
2021-09-27 09:42:07.514818-04:00,33.9,47.0,33.97,15.0,17.91,716.0,17.92,1.0,16.47,983.0,16.48,465.0,53.21,70.0,53.27,70.0,16.22,52.0,16.23,1.0,24.41,64.0,24.42,2.0,68.12,10.0,68.61,2.0
2021-09-27 09:42:16.998464-04:00,33.9,76.0,33.97,90.0,17.91,716.0,17.92,1.0,16.47,983.0,16.48,465.0,53.21,70.0,53.27,70.0,16.22,52.0,16.23,1.0,24.41,64.0,24.42,2.0,68.12,10.0,68.61,2.0
2021-09-27 09:42:16.998464-04:00,33.9,76.0,33.97,90.0,17.91,943.0,17.92,1.0,16.47,983.0,16.48,465.0,53.21,84.0,53.27,28.0,16.22,52.0,16.23,1.0,24.41,64.0,24.42,2.0,68.12,10.0,68.61,2.0
2021-09-27 09:42:16.998464-04:00,33.9,76.0,33.97,90.0,17.91,943.0,17.92,1.0,16.47,953.0,16.48,465.0,53.21,84.0,53.27,28.0,16.22,52.0,16.23,1.0,24.41,64.0,24.42,2.0,68.12,10.0,68.61,2.0
2021-09-27 09:42:16.998464-04:00,33.9,76.0,33.97,90.0,17.91,943.0,17.92,1.0,16.47,953.0,16.48,465.0,53.21,84.0,53.27,28.0,16.22,52.0,16.23,1.0,24.41,64.0,24.42,2.0,68.13,10.0,68.61,26.0
2021-09-27 09:42:16.998464-04:00,33.9,76.0,33.97,90.0,17.91,943.0,17.92,1.0,16.47,953.0,16.48,465.0,53.21,84.0,53.27,28.0,16.22,52.0,16.24,232.0,24.41,64.0,24.42,2.0,68.13,10.0,68.61,26.0
2021-09-27 09:42:16.998464-04:00,33.9,76.0,33.97,90.0,17.91,943.0,17.92,1.0,16.47,953.0,16.48,465.0,53.21,84.0,53.27,28.0,16.22,52.0,16.24,232.0,24.41,64.0,24.42,2.0,68.14,10.0,68.59,2.0
2021-09-27 09:42:30.358743-04:00,33.89,77.0,33.95,75.0,17.91,943.0,17.92,1.0,16.47,953.0,16.48,465.0,53.23,84.0,53.29,56.0,16.22,52.0,16.24,232.0,24.41,64.0,24.42,2.0,68.14,10.0,68.59,2.0
2021-09-27 09:42:30.358743-04:00,33.89,77.0,33.95,75.0,17.91,166.0,17.92,318.0,16.47,953.0,16.48,465.0,53.23,84.0,53.29,56.0,16.22,52.0,16.24,232.0,24.41,64.0,24.42,2.0,68.14,10.0,68.59,2.0
2021-09-27 09:42:30.358743-04:00,33.89,77.0,33.95,75.0,17.91,166.0,17.92,318.0,16.47,905.0,16.48,848.0,53.23,84.0,53.29,56.0,16.22,52.0,16.24,232.0,24.41,64.0,24.42,2.0,68.14,10.0,68.59,2.0
2021-09-27 09:42:35.527922-04:00,33.89,16.0,33.95,75.0,17.91,166.0,17.92,318.0,16.47,905.0,16.48,848.0,53.23,84.0,53.29,56.0,16.22,52.0,16.24,232.0,24.41,64.0,24.42,2.0,68.14,10.0,68.59,2.0
2021-09-27 09:42:35.527922-04:00,33.89,16.0,33.95,75.0,17.91,4.0,17.92,370.0,16.47,905.0,16.48,848.0,53.23,84.0,53.29,56.0,16.22,52.0,16.24,232.0,24.41,64.0,24.42,2.0,68.14,10.0,68.59,2.0
2021-09-27 09:42:35.527922-04:00,33.89,16.0,33.95,75.0,17.91,4.0,17.92,370.0,16.47,965.0,16.48,1056.0,53.23,84.0,53.29,56.0,16.22,52.0,16.24,232.0,24.41,64.0,24.42,2.0,68.14,10.0,68.59,2.0
2021-09-27 09:42:43.707055-04:00,33.89,62.0,33.96,90.0,17.91,4.0,17.92,370.0,16.47,965.0,16.48,1056.0,53.23,84.0,53.29,56.0,16.22,52.0,16.24,232.0,24.41,64.0,24.42,2.0,68.14,10.0,68.59,2.0
2021-09-27 09:42:43.707055-04:00,33.89,62.0,33.96,90.0,17.91,4.0,17.92,370.0,16.47,884.0,16.48,860.0,53.23,84.0,53.29,56.0,16.22,52.0,16.24,232.0,24.41,64.0,24.42,2.0,68.14,10.0,68.59,2.0
2021-09-27 09:42:43.707055-04:00,33.89,62.0,33.96,90.0,17.91,4.0,17.92,370.0,16.47,884.0,16.48,860.0,53.22,70.0,53.28,56.0,16.22,52.0,16.24,232.0,24.41,64.0,24.42,2.0,68.14,10.0,68.59,2.0
2021-09-27 09:42:43.707055-04:00,33.89,62.0,33.96,90.0,17.91,4.0,17.92,370.0,16.47,884.0,16.48,860.0,53.22,70.0,53.28,56.0,16.22,52.0,16.24,232.0,24.41,64.0,24.42,2.0,68.15,10.0,68.59,2.0
2021-09-27 09:42:43.707055-04:00,33.89,62.0,33.96,90.0,17.91,157.0,17.92,278.0,16.47,884.0,16.48,860.0,53.22,70.0,53.28,56.0,16.22,52.0,16.24,232.0,24.41,64.0,24.42,2.0,68.15,10.0,68.59,2.0
2021-09-27 09:42:43.707055-04:00,33.89,62.0,33.96,90.0,17.91,157.0,17.92,278.0,16.47,884.0,16.48,860.0,53.23,14.0,53.29,56.0,16.22,52.0,16.24,232.0,24.41,64.0,24.42,2.0,68.15,10.0,68.59,2.0
2021-09-27 09:42:43.707055-04:00,33.89,62.0,33.96,90.0,17.91,157.0,17.92,278.0,16.47,977.0,16.48,1004.0,53.23,14.0,53.29,56.0,16.22,52.0,16.24,232.0,24.41,64.0,24.42,2.0,68.15,10.0,68.59,2.0
2021-09-27 09:42:43.707055-04:00,33.89,62.0,33.96,90.0,17.91,4.0,17.92,339.0,16.47,977.0,16.48,1004.0,53.23,14.0,53.29,56.0,16.22,52.0,16.24,232.0,24.41,64.0,24.42,2.0,68.15,10.0,68.59,2.0
2021-09-27 09:42:57.554032-04:00,33.89,1.0,33.95,15.0,17.91,4.0,17.92,339.0,16.47,977.0,16.48,1004.0,53.23,14.0,53.29,56.0,16.22,52.0,16.24,232.0,24.41,64.0,24.42,2.0,68.15,10.0,68.59,2.0
2021-09-27 09:42:57.554032-04:00,33.89,1.0,33.95,15.0,17.91,4.0,17.92,339.0,16.47,977.0,16.48,1004.0,53.23,14.0,53.29,56.0,16.22,52.0,16.24,232.0,24.41,64.0,24.42,2.0,68.16,10.0,68.59,2.0
2021-09-27 09:42:57.554032-04:00,33.89,1.0,33.95,15.0,17.91,4.0,17.92,339.0,16.47,977.0,16.48,1004.0,53.23,14.0,53.29,56.0,16.22,52.0,16.24,232.0,24.41,64.0,24.42,2.0,68.16,11.0,68.59,3.0
2021-09-27 09:42:59.554683-04:00,33.81,11.0,33.97,1.0,17.91,4.0,17.92,339.0,16.47,977.0,16.48,1004.0,53.23,14.0,53.29,56.0,16.22,52.0,16.24,232.0,24.41,64.0,24.42,2.0,68.16,11.0,68.59,3.0
2021-09-27 09:42:59.554683-04:00,33.81,11.0,33.97,1.0,17.91,4.0,17.92,339.0,16.47,977.0,16.48,1004.0,53.23,14.0,53.29,56.0,16.22,52.0,16.24,232.0,24.42,42.0,24.43,15.0,68.16,11.0,68.59,3.0
2021-09-27 09:42:59.554683-04:00,33.81,11.0,33.97,1.0,17.91,4.0,17.92,339.0,16.47,977.0,16.48,1004.0,53.23,14.0,53.29,56.0,16.23,64.0,16.24,184.0,24.42,42.0,24.43,15.0,68.16,11.0,68.59,3.0
2021-09-27 09:42:59.554683-04:00,33.81,11.0,33.97,1.0,17.91,4.0,17.92,339.0,16.47,977.0,16.48,1004.0,53.0,24.0,53.38,24.0,16.23,64.0,16.24,184.0,24.42,42.0,24.43,15.0,68.16,11.0,68.59,3.0
2021-09-27 09:42:59.554683-04:00,33.81,11.0,33.97,1.0,17.92,898.0,17.94,82.0,16.47,977.0,16.48,1004.0,53.0,24.0,53.38,24.0,16.23,64.0,16.24,184.0,24.42,42.0,24.43,15.0,68.16,11.0,68.59,3.0
2021-09-27 09:42:59.554683-04:00,33.81,11.0,33.97,1.0,17.92,898.0,17.94,82.0,16.48,250.0,16.49,564.0,53.0,24.0,53.38,24.0,16.23,64.0,16.24,184.0,24.42,42.0,24.43,15.0,68.16,11.0,68.59,3.0
2021-09-27 09:42:59.554683-04:00,33.81,11.0,33.97,1.0,17.92,898.0,17.94,82.0,16.48,250.0,16.49,564.0,52.99,24.0,53.37,24.0,16.23,64.0,16.24,184.0,24.42,42.0,24.43,15.0,68.16,11.0,68.59,3.0
2021-09-27 09:42:59.554683-04:00,33.81,11.0,33.97,1.0,17.92,898.0,17.94,82.0,16.48,262.0,16.49,504.0,52.99,24.0,53.37,24.0,16.23,64.0,16.24,184.0,24.42,42.0,24.43,15.0,68.16,11.0,68.59,3.0
2021-09-27 09:42:59.554683-04:00,33.81,11.0,33.97,1.0,17.92,898.0,17.94,82.0,16.48,262.0,16.49,504.0,52.99,24.0,53.37,24.0,16.23,67.0,16.24,162.0,24.42,42.0,24.43,15.0,68.16,11.0,68.59,3.0
2021-09-27 09:42:59.554683-04:00,33.81,11.0,33.97,1.0,17.92,898.0,17.94,82.0,16.48,262.0,16.49,504.0,52.99,24.0,53.37,24.0,16.23,67.0,16.24,162.0,24.42,55.0,24.43,34.0,68.16,11.0,68.59,3.0
2021-09-27 09:42:59.554683-04:00,33.81,11.0,33.97,1.0,17.92,903.0,17.94,75.0,16.48,262.0,16.49,504.0,52.99,24.0,53.37,24.0,16.23,67.0,16.24,162.0,24.42,55.0,24.43,34.0,68.16,11.0,68.59,3.0
2021-09-27 09:42:59.554683-04:00,33.81,11.0,33.97,1.0,17.92,903.0,17.94,75.0,16.48,315.0,16.49,526.0,52.99,24.0,53.37,24.0,16.23,67.0,16.24,162.0,24.42,55.0,24.43,34.0,68.16,11.0,68.59,3.0
2021-09-27 09:42:59.554683-04:00,33.81,11.0,33.97,1.0,17.92,986.0,17.94,17.0,16.48,315.0,16.49,526.0,52.99,24.0,53.37,24.0,16.23,67.0,16.24,162.0,24.42,55.0,24.43,34.0,68.16,11.0,68.59,3.0
2021-09-27 09:42:59.554683-04:00,33.81,11.0,33.97,1.0,17.92,986.0,17.94,17.0,16.48,315.0,16.49,526.0,52.99,24.0,53.37,24.0,16.22,53.0,16.24,259.0,24.42,55.0,24.43,34.0,68.16,11.0,68.59,3.0
2021-09-27 09:42:59.554683-04:00,33.81,11.0,33.97,1.0,17.92,986.0,17.94,17.0,16.48,315.0,16.49,526.0,52.99,24.0,53.37,24.0,16.22,53.0,16.24,259.0,24.42,55.0,24.43,34.0,68.18,1.0,68.59,3.0
2021-09-27 09:42:59.554683-04:00,33.81,11.0,33.97,1.0,17.92,986.0,17.94,17.0,16.48,315.0,16.49,526.0,52.99,24.0,53.37,24.0,16.22,53.0,16.24,259.0,24.41,56.0,24.43,136.0,68.18,1.0,68.59,3.0
2021-09-27 09:43:30.590705-04:00,33.81,11.0,33.97,1.0,17.92,986.0,17.94,17.0,16.48,315.0,16.49,526.0,52.98,24.0,53.36,24.0,16.22,53.0,16.24,259.0,24.41,56.0,24.43,136.0,68.18,1.0,68.59,3.0
2021-09-27 09:43:30.590705-04:00,33.81,11.0,33.97,1.0,17.92,986.0,17.94,17.0,16.48,315.0,16.49,526.0,52.98,24.0,53.36,24.0,16.23,12.0,16.24,222.0,24.41,56.0,24.43,136.0,68.18,1.0,68.59,3.0
2021-09-27 09:43:30.590705-04:00,33.81,11.0,33.97,1.0,17.92,986.0,17.94,17.0,16.48,315.0,16.49,526.0,52.98,24.0,53.36,24.0,16.23,12.0,16.24,222.0,24.41,56.0,24.43,166.0,68.18,1.0,68.59,3.0
2021-09-27 09:43:30.590705-04:00,33.81,11.0,33.97,1.0,17.93,111.0,17.94,83.0,16.48,315.0,16.49,526.0,52.98,24.0,53.36,24.0,16.23,12.0,16.24,222.0,24.41,56.0,24.43,166.0,68.18,1.0,68.59,3.0
2021-09-27 09:43:30.590705-04:00,33.81,11.0,33.97,1.0,17.93,111.0,17.94,83.0,16.48,282.0,16.49,473.0,52.98,24.0,53.36,24.0,16.23,12.0,16.24,222.0,24.41,56.0,24.43,166.0,68.18,1.0,68.59,3.0
2021-09-27 09:43:30.590705-04:00,33.81,11.0,33.97,1.0,17.93,111.0,17.94,83.0,16.48,282.0,16.49,473.0,52.99,24.0,53.36,24.0,16.23,12.0,16.24,222.0,24.41,56.0,24.43,166.0,68.18,1.0,68.59,3.0
2021-09-27 09:43:30.590705-04:00,33.81,11.0,33.97,1.0,17.93,111.0,17.94,83.0,16.48,282.0,16.49,485.0,52.99,24.0,53.36,24.0,16.23,12.0,16.24,222.0,24.41,56.0,24.43,166.0,68.18,1.0,68.59,3.0
2021-09-27 09:43:43.606905-04:00,33.81,11.0,33.98,2.0,17.93,111.0,17.94,83.0,16.48,282.0,16.49,485.0,52.99,24.0,53.36,24.0,16.23,12.0,16.24,222.0,24.41,56.0,24.43,166.0,68.18,1.0,68.59,3.0
2021-09-27 09:43:44.608228-04:00,33.81,11.0,33.98,2.0,17.93,111.0,17.94,83.0,16.48,282.0,16.49,485.0,52.99,24.0,53.36,24.0,16.23,12.0,16.24,222.0,24.41,56.0,24.43,162.0,68.18,1.0,68.59,3.0
2021-09-27 09:43:44.608228-04:00,33.81,11.0,33.98,2.0,17.93,111.0,17.94,83.0,16.48,282.0,16.49,485.0,52.99,24.0,53.36,24.0,16.23,10.0,16.24,222.0,24.41,56.0,24.43,162.0,68.18,1.0,68.59,3.0
2021-09-27 09:43:44.608228-04:00,33.81,11.0,33.98,2.0,17.93,111.0,17.94,78.0,16.48,282.0,16.49,485.0,52.99,24.0,53.36,24.0,16.23,10.0,16.24,222.0,24.41,56.0,24.43,162.0,68.18,1.0,68.59,3.0
2021-09-27 09:43:44.608228-04:00,33.81,11.0,33.98,2.0,17.93,111.0,17.94,78.0,16.48,282.0,16.49,485.0,52.99,24.0,53.36,24.0,16.23,9.0,16.24,233.0,24.41,56.0,24.43,157.0,68.18,1.0,68.59,3.0
2021-09-27 09:43:44.608228-04:00,33.81,11.0,33.98,2.0,17.93,765.0,17.95,130.0,16.48,282.0,16.49,485.0,52.99,24.0,53.36,24.0,16.23,9.0,16.24,233.0,24.41,56.0,24.43,157.0,68.18,1.0,68.59,3.0
2021-09-27 09:43:44.608228-04:00,33.81,11.0,33.98,2.0,17.93,765.0,17.95,130.0,16.48,309.0,16.49,194.0,52.99,24.0,53.36,24.0,16.23,9.0,16.24,233.0,24.41,56.0,24.43,157.0,68.18,1.0,68.59,3.0
2021-09-27 09:43:44.608228-04:00,33.81,11.0,33.98,2.0,17.93,765.0,17.95,130.0,16.48,309.0,16.49,194.0,52.98,24.0,53.36,24.0,16.23,9.0,16.24,233.0,24.41,56.0,24.43,157.0,68.18,1.0,68.59,3.0
2021-09-27 09:43:44.608228-04:00,33.81,11.0,33.98,2.0,17.93,765.0,17.95,130.0,16.48,309.0,16.49,194.0,52.98,24.0,53.36,24.0,16.23,9.0,16.24,233.0,24.41,56.0,24.43,157.0,68.18,1.0,68.59,27.0
2021-09-27 09:44:03.846704-04:00,33.81,11.0,33.98,2.0,17.93,765.0,17.95,130.0,16.48,309.0,16.49,142.0,52.98,24.0,53.36,24.0,16.23,9.0,16.24,233.0,24.41,56.0,24.43,157.0,68.18,1.0,68.59,27.0
2021-09-27 09:44:03.846704-04:00,33.81,11.0,33.98,2.0,17.93,765.0,17.95,130.0,16.48,309.0,16.49,142.0,52.98,24.0,53.36,24.0,16.23,9.0,16.24,233.0,24.41,56.0,24.43,157.0,68.18,1.0,68.59,3.0
2021-09-27 09:44:03.846704-04:00,33.81,11.0,33.98,2.0,17.94,38.0,17.95,157.0,16.48,309.0,16.49,142.0,52.98,24.0,53.36,24.0,16.23,9.0,16.24,233.0,24.41,56.0,24.43,157.0,68.18,1.0,68.59,3.0
2021-09-27 09:44:03.846704-04:00,33.81,11.0,33.98,2.0,17.94,66.0,17.95,125.0,16.48,309.0,16.49,142.0,52.98,24.0,53.36,24.0,16.23,9.0,16.24,233.0,24.41,56.0,24.43,157.0,68.18,1.0,68.59,3.0
2021-09-27 09:44:03.846704-04:00,33.81,11.0,33.98,2.0,17.94,66.0,17.95,125.0,16.48,309.0,16.49,56.0,52.98,24.0,53.36,24.0,16.23,9.0,16.24,233.0,24.41,56.0,24.43,157.0,68.18,1.0,68.59,3.0
2021-09-27 09:44:03.846704-04:00,33.81,11.0,33.98,2.0,17.94,66.0,17.95,125.0,16.48,309.0,16.49,56.0,52.98,24.0,53.35,24.0,16.23,9.0,16.24,233.0,24.41,56.0,24.43,157.0,68.18,1.0,68.59,3.0
2021-09-27 09:44:03.846704-04:00,33.81,11.0,33.98,2.0,17.94,38.0,17.95,131.0,16.48,309.0,16.49,56.0,52.98,24.0,53.35,24.0,16.23,9.0,16.24,233.0,24.41,56.0,24.43,157.0,68.18,1.0,68.59,3.0
2021-09-27 09:44:03.846704-04:00,33.81,11.0,33.98,2.0,17.94,38.0,17.95,131.0,16.48,309.0,16.49,56.0,52.98,24.0,53.35,24.0,16.23,9.0,16.24,233.0,24.41,58.0,24.43,157.0,68.18,1.0,68.59,3.0
2021-09-27 09:44:03.846704-04:00,33.81,11.0,33.98,2.0,17.94,38.0,17.95,131.0,16.48,309.0,16.49,92.0,52.98,24.0,53.35,24.0,16.23,9.0,16.24,233.0,24.41,58.0,24.43,157.0,68.18,1.0,68.59,3.0
2021-09-27 09:44:03.846704-04:00,33.81,11.0,33.98,2.0,17.94,38.0,17.95,131.0,16.48,309.0,16.49,92.0,52.98,24.0,53.36,24.0,16.23,9.0,16.24,233.0,24.41,58.0,24.43,157.0,68.18,1.0,68.59,3.0
2021-09-27 09:44:03.846704-04:00,33.81,11.0,33.98,2.0,17.94,38.0,17.95,131.0,16.48,309.0,16.49,92.0,52.98,24.0,53.36,24.0,16.23,9.0,16.24,233.0,24.41,58.0,24.43,155.0,68.18,1.0,68.59,3.0
2021-09-27 09:44:03.846704-04:00,33.81,11.0,33.98,2.0,17.94,38.0,17.95,131.0,16.48,309.0,16.49,92.0,52.98,24.0,53.36,24.0,16.23,14.0,16.24,220.0,24.41,58.0,24.43,155.0,68.18,1.0,68.59,3.0
2021-09-27 09:44:03.846704-04:00,33.81,11.0,33.98,2.0,17.94,38.0,17.95,205.0,16.48,309.0,16.49,92.0,52.98,24.0,53.36,24.0,16.23,14.0,16.24,220.0,24.41,58.0,24.43,155.0,68.18,1.0,68.59,3.0
2021-09-27 09:44:03.846704-04:00,33.81,11.0,33.98,2.0,17.94,38.0,17.95,205.0,16.48,309.0,16.49,632.0,52.98,24.0,53.36,24.0,16.23,14.0,16.24,220.0,24.41,58.0,24.43,155.0,68.18,1.0,68.59,3.0
2021-09-27 09:44:03.846704-04:00,33.81,11.0,33.98,2.0,17.92,79.0,17.93,44.0,16.48,309.0,16.49,632.0,52.98,24.0,53.36,24.0,16.23,14.0,16.24,220.0,24.41,58.0,24.43,155.0,68.18,1.0,68.59,3.0
2021-09-27 09:44:03.846704-04:00,33.81,11.0,33.98,2.0,17.92,79.0,17.93,44.0,16.48,209.0,16.49,686.0,52.98,24.0,53.36,24.0,16.23,14.0,16.24,220.0,24.41,58.0,24.43,155.0,68.18,1.0,68.59,3.0
2021-09-27 09:44:03.846704-04:00,33.81,11.0,33.98,2.0,17.92,79.0,17.93,44.0,16.48,209.0,16.49,686.0,52.99,25.0,53.37,24.0,16.23,14.0,16.24,220.0,24.41,58.0,24.43,155.0,68.18,1.0,68.59,3.0
2021-09-27 09:44:03.846704-04:00,33.81,11.0,33.98,2.0,17.92,79.0,17.93,44.0,16.48,209.0,16.49,686.0,52.99,25.0,53.37,24.0,16.23,14.0,16.24,220.0,24.41,58.0,24.43,177.0,68.18,20.0,68.59,3.0
2021-09-27 09:44:03.846704-04:00,33.81,11.0,33.98,2.0,17.92,79.0,17.93,44.0,16.48,209.0,16.49,686.0,52.99,25.0,53.37,24.0,16.22,65.0,16.24,259.0,24.41,58.0,24.43,177.0,68.18,20.0,68.59,3.0
2021-09-27 09:44:03.846704-04:00,33.81,11.0,33.98,2.0,17.92,79.0,17.93,44.0,16.48,209.0,16.49,686.0,53.02,24.0,53.4,24.0,16.22,65.0,16.24,259.0,24.41,58.0,24.43,177.0,68.18,20.0,68.59,3.0
2021-09-27 09:44:03.846704-04:00,33.81,11.0,33.98,2.0,17.92,33.0,17.93,82.0,16.48,209.0,16.49,686.0,53.02,24.0,53.4,24.0,16.22,65.0,16.24,259.0,24.41,58.0,24.43,177.0,68.18,20.0,68.59,3.0
2021-09-27 09:44:03.846704-04:00,33.81,11.0,33.98,2.0,17.92,33.0,17.93,82.0,16.48,162.0,16.49,734.0,53.02,24.0,53.4,24.0,16.22,65.0,16.24,259.0,24.41,58.0,24.43,177.0,68.18,20.0,68.59,3.0
2021-09-27 09:44:57.698723-04:00,33.8,1.0,33.98,2.0,17.92,33.0,17.93,82.0,16.48,162.0,16.49,734.0,53.02,24.0,53.4,24.0,16.22,65.0,16.24,259.0,24.41,58.0,24.43,177.0,68.18,20.0,68.59,3.0
2021-09-27 09:44:57.698723-04:00,33.8,1.0,33.98,2.0,17.92,33.0,17.93,82.0,16.48,162.0,16.49,734.0,53.02,24.0,53.4,24.0,16.22,65.0,16.24,259.0,24.41,58.0,24.43,177.0,68.18,1.0,68.59,1.0
2021-09-27 09:45:05.707312-04:00,33.86,2.0,34.0,1.0,17.92,33.0,17.93,82.0,16.48,162.0,16.49,734.0,53.02,24.0,53.4,24.0,16.22,65.0,16.24,259.0,24.41,58.0,24.43,177.0,68.18,1.0,68.59,1.0
2021-09-27 09:45:05.707312-04:00,33.86,2.0,34.0,1.0,17.92,33.0,17.93,82.0,16.48,162.0,16.49,734.0,53.02,24.0,53.4,24.0,16.22,65.0,16.24,259.0,24.41,66.0,24.43,158.0,68.18,2.0,68.58,2.0
2021-09-27 09:45:05.707312-04:00,33.86,2.0,34.0,1.0,17.92,33.0,17.93,82.0,16.48,162.0,16.49,734.0,53.02,24.0,53.4,24.0,16.22,76.0,16.24,302.0,24.41,66.0,24.43,158.0,68.18,2.0,68.58,2.0
2021-09-27 09:45:05.707312-04:00,33.86,2.0,34.0,1.0,17.94,239.0,17.95,218.0,16.48,273.0,16.49,190.0,53.02,24.0,53.4,24.0,16.22,76.0,16.24,302.0,24.41,66.0,24.43,158.0,68.18,2.0,68.58,2.0
2021-09-27 09:45:05.707312-04:00,33.86,2.0,34.0,1.0,17.94,239.0,17.95,218.0,16.48,273.0,16.49,190.0,53.02,1.0,53.37,25.0,16.22,76.0,16.24,302.0,24.41,66.0,24.43,158.0,68.18,2.0,68.58,2.0
2021-09-27 09:45:11.754145-04:00,33.86,2.0,34.0,1.0,17.94,293.0,17.95,668.0,16.48,273.0,16.49,190.0,53.02,1.0,53.37,25.0,16.22,76.0,16.24,302.0,24.41,66.0,24.43,158.0,68.18,2.0,68.58,2.0
2021-09-27 09:45:17.723186-04:00,33.96,1.0,34.03,75.0,17.94,293.0,17.95,668.0,16.48,273.0,16.49,190.0,53.02,1.0,53.37,25.0,16.22,76.0,16.24,302.0,24.41,66.0,24.43,158.0,68.18,2.0,68.58,2.0
2021-09-27 09:45:17.723186-04:00,33.96,1.0,34.03,75.0,17.94,293.0,17.95,668.0,16.49,58.0,16.5,2552.0,53.02,1.0,53.37,25.0,16.22,76.0,16.24,302.0,24.41,66.0,24.43,158.0,68.18,2.0,68.58,2.0
2021-09-27 09:45:17.723186-04:00,33.96,1.0,34.03,75.0,17.94,293.0,17.95,668.0,16.49,58.0,16.5,2552.0,53.14,56.0,53.21,14.0,16.22,76.0,16.24,302.0,24.41,66.0,24.43,158.0,68.18,2.0,68.58,2.0
2021-09-27 09:45:17.723186-04:00,33.96,1.0,34.03,75.0,17.94,293.0,17.95,668.0,16.49,58.0,16.5,2552.0,53.14,56.0,53.21,14.0,16.22,76.0,16.24,302.0,24.42,22.0,24.43,20.0,68.18,2.0,68.58,2.0
2021-09-27 09:45:17.723186-04:00,33.96,1.0,34.03,75.0,17.94,293.0,17.95,668.0,16.49,58.0,16.5,2552.0,53.14,56.0,53.21,14.0,16.23,65.0,16.24,306.0,24.42,22.0,24.43,20.0,68.18,2.0,68.58,2.0
2021-09-27 09:45:23.947546-04:00,33.96,1.0,34.03,75.0,17.94,293.0,17.95,668.0,16.49,58.0,16.5,2552.0,53.14,56.0,53.21,14.0,16.22,71.0,16.24,298.0,24.42,22.0,24.43,20.0,68.18,2.0,68.58,2.0
2021-09-27 09:45:23.947546-04:00,33.96,1.0,34.03,75.0,17.94,293.0,17.95,668.0,16.49,58.0,16.5,2552.0,53.14,56.0,53.21,14.0,16.22,71.0,16.24,298.0,24.42,22.0,24.43,20.0,68.18,2.0,68.53,7.0
2021-09-27 09:45:23.947546-04:00,33.96,1.0,34.03,75.0,17.94,274.0,17.95,1139.0,16.49,58.0,16.5,2552.0,53.14,56.0,53.21,14.0,16.22,71.0,16.24,298.0,24.42,22.0,24.43,20.0,68.18,2.0,68.53,7.0
2021-09-27 09:45:27.735418-04:00,33.95,92.0,34.02,60.0,17.94,274.0,17.95,1139.0,16.49,58.0,16.5,2552.0,53.14,56.0,53.21,14.0,16.22,71.0,16.24,298.0,24.42,22.0,24.43,20.0,68.18,2.0,68.53,7.0
2021-09-27 09:45:27.735418-04:00,33.95,92.0,34.02,60.0,17.94,274.0,17.95,1139.0,16.48,1438.0,16.49,1403.0,53.14,56.0,53.21,14.0,16.22,71.0,16.24,298.0,24.42,22.0,24.43,20.0,68.18,2.0,68.53,7.0
2021-09-27 09:45:27.735418-04:00,33.95,92.0,34.02,60.0,17.94,274.0,17.95,1139.0,16.48,1438.0,16.49,1403.0,53.15,70.0,53.21,16.0,16.22,71.0,16.24,298.0,24.42,22.0,24.43,20.0,68.18,2.0,68.53,7.0
2021-09-27 09:45:27.735418-04:00,33.95,92.0,34.02,60.0,17.94,274.0,17.95,1139.0,16.48,1438.0,16.49,1403.0,53.15,70.0,53.21,16.0,16.22,71.0,16.24,298.0,24.41,69.0,24.43,160.0,68.18,2.0,68.53,7.0
2021-09-27 09:45:27.735418-04:00,33.95,92.0,34.02,60.0,17.94,274.0,17.95,1139.0,16.48,1438.0,16.49,1403.0,53.15,70.0,53.21,16.0,16.22,71.0,16.24,298.0,24.41,69.0,24.43,159.0,68.18,2.0,68.53,7.0
2021-09-27 09:45:27.735418-04:00,33.95,92.0,34.02,60.0,17.93,575.0,17.94,902.0,16.48,1438.0,16.49,1403.0,53.15,70.0,53.21,16.0,16.22,71.0,16.24,298.0,24.41,69.0,24.43,159.0,68.18,2.0,68.53,7.0
2021-09-27 09:45:37.746651-04:00,33.94,94.0,34.0,61.0,17.93,575.0,17.94,902.0,16.48,1438.0,16.49,1403.0,53.15,70.0,53.21,16.0,16.22,71.0,16.24,298.0,24.41,69.0,24.43,159.0,68.18,2.0,68.53,7.0
2021-09-27 09:45:37.746651-04:00,33.94,94.0,34.0,61.0,17.93,575.0,17.94,902.0,16.48,1428.0,16.49,2083.0,53.15,70.0,53.21,16.0,16.22,71.0,16.24,298.0,24.41,69.0,24.43,159.0,68.18,2.0,68.53,7.0
2021-09-27 09:45:37.746651-04:00,33.94,94.0,34.0,61.0,17.93,575.0,17.94,902.0,16.48,1428.0,16.49,2083.0,53.17,84.0,53.22,1.0,16.22,71.0,16.24,298.0,24.41,69.0,24.43,159.0,68.18,2.0,68.53,7.0
2021-09-27 09:45:37.746651-04:00,33.94,94.0,34.0,61.0,17.93,575.0,17.94,902.0,16.48,1428.0,16.49,2083.0,53.17,84.0,53.22,1.0,16.22,71.0,16.24,298.0,24.41,69.0,24.43,159.0,68.18,2.0,68.52,7.0
2021-09-27 09:45:37.746651-04:00,33.94,94.0,34.0,61.0,17.93,575.0,17.94,902.0,16.48,1428.0,16.49,2083.0,53.17,84.0,53.22,1.0,16.22,71.0,16.24,298.0,24.41,77.0,24.43,202.0,68.18,2.0,68.52,7.0
2021-09-27 09:45:42.752279-04:00,33.94,94.0,34.0,61.0,17.93,575.0,17.94,902.0,16.48,1428.0,16.49,2083.0,53.17,84.0,53.22,1.0,16.22,71.0,16.24,298.0,24.41,77.0,24.43,202.0,68.19,98.0,68.51,7.0
2021-09-27 09:45:42.752279-04:00,33.94,94.0,34.0,61.0,17.93,575.0,17.94,902.0,16.48,1428.0,16.49,2083.0,53.17,84.0,53.22,1.0,16.22,61.0,16.23,298.0,24.41,77.0,24.43,202.0,68.19,98.0,68.51,7.0
2021-09-27 09:45:50.667109-04:00,33.87,43.0,33.93,75.0,17.9,1181.0,17.91,644.0,16.47,770.0,16.48,2085.0,53.25,70.0,53.31,48.0,16.22,61.0,16.23,298.0,24.41,77.0,24.43,202.0,68.19,98.0,68.51,7.0
2021-09-27 09:45:50.667109-04:00,33.87,43.0,33.93,75.0,17.9,1181.0,17.91,644.0,16.47,770.0,16.48,2085.0,53.25,70.0,53.31,48.0,16.22,7.0,16.23,264.0,24.41,77.0,24.43,202.0,68.19,98.0,68.51,7.0
2021-09-27 09:45:50.667109-04:00,33.87,43.0,33.93,75.0,17.9,1181.0,17.91,644.0,16.47,770.0,16.48,2085.0,53.25,70.0,53.31,48.0,16.22,7.0,16.23,264.0,24.41,77.0,24.43,202.0,68.21,2.0,68.5,7.0
2021-09-27 09:45:50.667109-04:00,33.87,43.0,33.93,75.0,17.9,1181.0,17.91,644.0,16.47,770.0,16.48,2085.0,53.25,70.0,53.31,48.0,16.22,7.0,16.23,264.0,24.41,64.0,24.43,204.0,68.21,2.0,68.5,7.0
2021-09-27 09:45:50.667109-04:00,33.87,43.0,33.93,75.0,17.9,374.0,17.91,1140.0,16.47,770.0,16.48,2085.0,53.25,70.0,53.31,48.0,16.22,7.0,16.23,264.0,24.41,64.0,24.43,204.0,68.21,2.0,68.5,7.0
2021-09-27 09:45:57.771114-04:00,33.86,88.0,33.92,15.0,17.9,374.0,17.91,1140.0,16.47,770.0,16.48,2085.0,53.25,70.0,53.31,48.0,16.22,7.0,16.23,264.0,24.41,64.0,24.43,204.0,68.21,2.0,68.5,7.0
2021-09-27 09:45:57.771114-04:00,33.86,88.0,33.92,15.0,17.9,374.0,17.91,1140.0,16.47,192.0,16.48,2297.0,53.25,70.0,53.32,71.0,16.22,7.0,16.23,264.0,24.41,64.0,24.43,204.0,68.21,2.0,68.5,7.0
2021-09-27 09:45:57.771114-04:00,33.86,88.0,33.92,15.0,17.9,374.0,17.91,1140.0,16.47,192.0,16.48,2297.0,53.25,70.0,53.32,71.0,16.22,7.0,16.23,264.0,24.41,62.0,24.43,204.0,68.21,2.0,68.5,7.0
2021-09-27 09:45:57.771114-04:00,33.86,88.0,33.92,15.0,17.9,374.0,17.91,1140.0,16.47,192.0,16.48,2297.0,53.25,70.0,53.32,71.0,16.22,51.0,16.23,263.0,24.41,62.0,24.43,204.0,68.21,2.0,68.5,7.0
2021-09-27 09:45:57.771114-04:00,33.86,88.0,33.92,15.0,17.9,374.0,17.91,1140.0,16.47,192.0,16.48,2297.0,53.25,70.0,53.32,71.0,16.22,51.0,16.23,263.0,24.41,62.0,24.43,204.0,68.21,2.0,68.48,7.0
2021-09-27 09:46:07.783346-04:00,33.89,3.0,33.95,61.0,17.91,574.0,17.92,893.0,16.47,192.0,16.48,2297.0,53.25,70.0,53.32,71.0,16.22,51.0,16.23,263.0,24.41,62.0,24.43,204.0,68.21,2.0,68.48,7.0
2021-09-27 09:46:07.783346-04:00,33.89,3.0,33.95,61.0,17.91,574.0,17.92,893.0,16.47,1249.0,16.48,2125.0,53.25,70.0,53.32,71.0,16.22,51.0,16.23,263.0,24.41,62.0,24.43,204.0,68.21,2.0,68.48,7.0
2021-09-27 09:46:07.783346-04:00,33.89,3.0,33.95,61.0,17.91,574.0,17.92,893.0,16.47,1249.0,16.48,2125.0,53.23,56.0,53.3,104.0,16.22,51.0,16.23,263.0,24.41,62.0,24.43,204.0,68.21,2.0,68.48,7.0
2021-09-27 09:46:07.783346-04:00,33.89,3.0,33.95,61.0,17.91,574.0,17.92,893.0,16.47,1249.0,16.48,2125.0,53.23,56.0,53.3,104.0,16.22,76.0,16.23,30.0,24.41,59.0,24.43,204.0,68.21,2.0,68.48,7.0
2021-09-27 09:46:12.538633-04:00,33.89,3.0,33.95,61.0,17.91,574.0,17.92,893.0,16.47,1249.0,16.48,2125.0,53.23,56.0,53.3,104.0,16.22,76.0,16.23,30.0,24.41,59.0,24.43,204.0,68.21,2.0,68.47,21.0
2021-09-27 09:46:12.538633-04:00,33.89,3.0,33.95,61.0,17.91,781.0,17.92,172.0,16.47,1249.0,16.48,2125.0,53.23,56.0,53.3,104.0,16.22,76.0,16.23,30.0,24.41,59.0,24.43,204.0,68.21,2.0,68.47,21.0
2021-09-27 09:46:17.547243-04:00,33.89,83.0,33.96,31.0,17.91,781.0,17.92,172.0,16.47,1249.0,16.48,2125.0,53.23,56.0,53.3,104.0,16.22,76.0,16.23,30.0,24.41,59.0,24.43,204.0,68.21,2.0,68.47,21.0
2021-09-27 09:46:17.547243-04:00,33.89,83.0,33.96,31.0,17.91,781.0,17.92,172.0,16.47,1516.0,16.48,2015.0,53.21,15.0,53.28,72.0,16.22,76.0,16.23,30.0,24.41,59.0,24.43,204.0,68.21,2.0,68.47,21.0
2021-09-27 09:46:17.547243-04:00,33.89,83.0,33.96,31.0,17.91,781.0,17.92,172.0,16.47,1516.0,16.48,2015.0,53.21,15.0,53.28,72.0,16.22,76.0,16.23,77.0,24.41,59.0,24.43,204.0,68.21,2.0,68.47,21.0
2021-09-27 09:46:17.547243-04:00,33.89,83.0,33.96,31.0,17.91,781.0,17.92,172.0,16.47,1516.0,16.48,2015.0,53.22,102.0,53.28,163.0,16.22,76.0,16.23,77.0,24.41,59.0,24.43,204.0,68.21,2.0,68.47,21.0
2021-09-27 09:46:17.547243-04:00,33.89,83.0,33.96,31.0,17.91,781.0,17.92,172.0,16.47,1516.0,16.48,2015.0,53.22,102.0,53.28,163.0,16.22,76.0,16.23,77.0,24.41,57.0,24.43,206.0,68.21,2.0,68.47,21.0
2021-09-27 09:46:17.547243-04:00,33.89,83.0,33.96,31.0,17.91,962.0,17.92,362.0,16.47,1516.0,16.48,2015.0,53.22,102.0,53.28,163.0,16.22,76.0,16.23,77.0,24.41,57.0,24.43,206.0,68.21,2.0,68.47,21.0
2021-09-27 09:46:30.746992-04:00,33.89,102.0,33.95,18.0,17.91,962.0,17.92,362.0,16.47,1613.0,16.48,1682.0,53.22,102.0,53.28,163.0,16.22,76.0,16.23,77.0,24.41,57.0,24.43,206.0,68.21,2.0,68.47,21.0
2021-09-27 09:46:30.746992-04:00,33.89,102.0,33.95,18.0,17.91,962.0,17.92,362.0,16.47,1613.0,16.48,1682.0,53.22,102.0,53.28,163.0,16.22,76.0,16.23,77.0,24.41,69.0,24.43,206.0,68.21,2.0,68.47,21.0
2021-09-27 09:46:36.568614-04:00,33.88,54.0,33.94,100.0,17.91,962.0,17.92,362.0,16.47,1613.0,16.48,1682.0,53.22,102.0,53.28,163.0,16.22,76.0,16.23,77.0,24.41,69.0,24.43,206.0,68.21,2.0,68.47,21.0
2021-09-27 09:46:36.568614-04:00,33.88,54.0,33.94,100.0,17.91,962.0,17.92,362.0,16.47,1431.0,16.48,2008.0,53.22,102.0,53.28,163.0,16.22,76.0,16.23,77.0,24.41,69.0,24.43,206.0,68.21,2.0,68.47,21.0
2021-09-27 09:46:36.568614-04:00,33.88,54.0,33.94,100.0,17.91,962.0,17.92,362.0,16.47,1431.0,16.48,2008.0,53.22,102.0,53.28,163.0,16.22,11.0,16.23,313.0,24.41,69.0,24.43,206.0,68.21,2.0,68.47,21.0
2021-09-27 09:46:36.568614-04:00,33.88,54.0,33.94,100.0,17.91,962.0,17.92,362.0,16.47,1431.0,16.48,2008.0,53.22,102.0,53.28,163.0,16.22,11.0,16.23,313.0,24.41,69.0,24.43,206.0,68.21,26.0,68.47,21.0
2021-09-27 09:46:36.568614-04:00,33.88,54.0,33.94,100.0,17.91,298.0,17.92,1126.0,16.47,1431.0,16.48,2008.0,53.22,102.0,53.28,163.0,16.22,11.0,16.23,313.0,24.41,69.0,24.43,206.0,68.21,26.0,68.47,21.0
2021-09-27 09:46:36.568614-04:00,33.88,54.0,33.94,100.0,17.91,298.0,17.92,1126.0,16.47,1431.0,16.48,2008.0,53.24,90.0,53.3,104.0,16.22,11.0,16.23,313.0,24.41,69.0,24.43,206.0,68.21,26.0,68.47,21.0
2021-09-27 09:46:36.568614-04:00,33.88,54.0,33.94,100.0,17.91,298.0,17.92,1126.0,16.47,1431.0,16.48,2008.0,53.24,90.0,53.3,104.0,16.22,11.0,16.23,313.0,24.41,69.0,24.43,314.0,68.21,74.0,68.47,21.0
2021-09-27 09:46:46.580659-04:00,33.89,1.0,33.93,100.0,17.91,298.0,17.92,1126.0,16.47,1431.0,16.48,2008.0,53.24,90.0,53.3,104.0,16.22,11.0,16.23,313.0,24.41,69.0,24.43,314.0,68.21,74.0,68.47,21.0
2021-09-27 09:46:46.580659-04:00,33.89,1.0,33.93,100.0,17.9,1610.0,17.91,142.0,16.47,1431.0,16.48,2008.0,53.24,90.0,53.3,104.0,16.22,11.0,16.23,313.0,24.41,69.0,24.43,314.0,68.21,74.0,68.47,21.0
2021-09-27 09:46:46.580659-04:00,33.89,1.0,33.93,100.0,17.9,1610.0,17.91,142.0,16.47,999.0,16.48,2156.0,53.24,90.0,53.3,104.0,16.22,11.0,16.23,313.0,24.41,69.0,24.43,314.0,68.21,74.0,68.47,21.0
2021-09-27 09:46:46.580659-04:00,33.89,1.0,33.93,100.0,17.9,1610.0,17.91,142.0,16.47,999.0,16.48,2156.0,53.25,36.0,53.31,127.0,16.22,11.0,16.23,313.0,24.41,69.0,24.43,314.0,68.21,74.0,68.47,21.0
2021-09-27 09:46:57.553323-04:00,33.89,1.0,33.93,100.0,17.9,1610.0,17.91,142.0,16.47,999.0,16.48,2156.0,53.25,90.0,53.31,19.0,16.22,11.0,16.23,313.0,24.41,69.0,24.43,314.0,68.21,74.0,68.47,21.0
2021-09-27 09:46:57.553323-04:00,33.89,1.0,33.93,100.0,17.9,1610.0,17.91,142.0,16.47,999.0,16.48,2156.0,53.25,90.0,53.31,19.0,16.22,11.0,16.23,313.0,24.41,69.0,24.43,422.0,68.21,74.0,68.47,21.0
2021-09-27 09:46:57.575265-04:00,33.89,1.0,33.93,101.0,17.9,1610.0,17.91,142.0,16.47,999.0,16.48,2156.0,53.25,90.0,53.31,19.0,16.22,11.0,16.23,313.0,24.41,69.0,24.43,422.0,68.21,74.0,68.47,21.0
2021-09-27 09:46:57.575265-04:00,33.89,1.0,33.93,101.0,17.9,1610.0,17.91,142.0,16.47,999.0,16.48,2156.0,53.25,90.0,53.31,19.0,16.22,11.0,16.23,313.0,24.41,69.0,24.43,422.0,68.21,93.0,68.47,21.0
2021-09-27 09:46:57.575265-04:00,33.89,1.0,33.93,101.0,17.9,981.0,17.91,237.0,16.47,999.0,16.48,2156.0,53.25,90.0,53.31,19.0,16.22,11.0,16.23,313.0,24.41,69.0,24.43,422.0,68.21,93.0,68.47,21.0
2021-09-27 09:46:57.575265-04:00,33.89,1.0,33.93,101.0,17.9,981.0,17.91,237.0,16.47,384.0,16.48,2146.0,53.25,90.0,53.31,19.0,16.22,11.0,16.23,313.0,24.41,69.0,24.43,422.0,68.21,93.0,68.47,21.0
2021-09-27 09:46:57.575265-04:00,33.89,1.0,33.93,101.0,17.9,981.0,17.91,237.0,16.47,384.0,16.48,2146.0,53.25,90.0,53.31,19.0,16.22,62.0,16.23,56.0,24.41,69.0,24.43,422.0,68.21,93.0,68.47,21.0
2021-09-27 09:46:57.575265-04:00,33.89,1.0,33.93,101.0,17.9,981.0,17.91,237.0,16.47,384.0,16.48,2146.0,53.25,90.0,53.31,19.0,16.22,62.0,16.23,56.0,24.41,57.0,24.43,206.0,68.21,93.0,68.47,21.0
2021-09-27 09:46:57.575265-04:00,33.89,1.0,33.93,101.0,17.9,981.0,17.91,237.0,16.47,384.0,16.48,2146.0,53.25,90.0,53.31,19.0,16.22,62.0,16.23,56.0,24.41,57.0,24.43,206.0,68.21,2.0,68.46,26.0
2021-09-27 09:46:57.575265-04:00,33.89,1.0,33.93,101.0,17.92,834.0,17.93,818.0,16.47,384.0,16.48,2146.0,53.25,90.0,53.31,19.0,16.22,62.0,16.23,56.0,24.41,57.0,24.43,206.0,68.21,2.0,68.46,26.0
2021-09-27 09:47:10.933640-04:00,33.92,1.0,33.97,50.0,17.92,834.0,17.93,818.0,16.47,1999.0,16.48,1107.0,53.19,18.0,53.26,111.0,16.22,62.0,16.23,56.0,24.41,57.0,24.43,206.0,68.21,2.0,68.46,26.0
2021-09-27 09:47:10.933640-04:00,33.92,1.0,33.97,50.0,17.92,834.0,17.93,818.0,16.47,1999.0,16.48,1107.0,53.19,18.0,53.26,111.0,16.23,9.0,16.24,303.0,24.41,57.0,24.43,206.0,68.21,2.0,68.46,26.0
2021-09-27 09:47:10.933640-04:00,33.92,1.0,33.97,50.0,17.92,834.0,17.93,818.0,16.47,1999.0,16.48,1107.0,53.19,18.0,53.26,111.0,16.23,9.0,16.24,303.0,24.41,57.0,24.43,206.0,68.21,2.0,68.44,2.0
2021-09-27 09:47:10.933640-04:00,33.92,1.0,33.97,50.0,17.94,58.0,17.95,1059.0,16.47,1999.0,16.48,1107.0,53.19,18.0,53.26,111.0,16.23,9.0,16.24,303.0,24.41,57.0,24.43,206.0,68.21,2.0,68.44,2.0
2021-09-27 09:47:17.779247-04:00,33.94,141.0,34.0,3.0,17.94,58.0,17.95,1059.0,16.47,1999.0,16.48,1107.0,53.19,18.0,53.26,111.0,16.23,9.0,16.24,303.0,24.41,57.0,24.43,206.0,68.21,2.0,68.44,2.0
2021-09-27 09:47:17.779247-04:00,33.94,141.0,34.0,3.0,17.94,58.0,17.95,1059.0,16.48,1758.0,16.49,2385.0,53.19,18.0,53.26,111.0,16.23,9.0,16.24,303.0,24.41,57.0,24.43,206.0,68.21,2.0,68.44,2.0
2021-09-27 09:47:17.779247-04:00,33.94,141.0,34.0,3.0,17.94,58.0,17.95,1059.0,16.48,1758.0,16.49,2385.0,53.17,18.0,53.23,128.0,16.23,9.0,16.24,303.0,24.41,63.0,24.43,134.0,68.21,2.0,68.44,2.0
2021-09-27 09:47:17.779247-04:00,33.94,141.0,34.0,3.0,17.94,58.0,17.95,1059.0,16.48,1758.0,16.49,2385.0,53.17,18.0,53.23,128.0,16.23,9.0,16.24,303.0,24.41,64.0,24.43,196.0,68.21,2.0,68.44,2.0
2021-09-27 09:47:17.779247-04:00,33.94,141.0,34.0,3.0,17.93,1122.0,17.94,318.0,16.48,1758.0,16.49,2385.0,53.17,18.0,53.23,128.0,16.23,9.0,16.24,303.0,24.41,64.0,24.43,196.0,68.21,2.0,68.44,2.0
2021-09-27 09:47:27.647860-04:00,33.95,1.0,34.0,63.0,17.93,1122.0,17.94,318.0,16.48,1758.0,16.49,2385.0,53.17,18.0,53.23,128.0,16.23,9.0,16.24,303.0,24.41,64.0,24.43,196.0,68.21,2.0,68.44,2.0
2021-09-27 09:47:27.647860-04:00,33.95,1.0,34.0,63.0,17.93,1122.0,17.94,318.0,16.48,1750.0,16.49,2401.0,53.17,18.0,53.23,128.0,16.23,9.0,16.24,303.0,24.41,64.0,24.43,196.0,68.21,2.0,68.44,2.0
2021-09-27 09:47:27.647860-04:00,33.95,1.0,34.0,63.0,17.93,1122.0,17.94,318.0,16.48,1750.0,16.49,2401.0,53.17,72.0,53.22,1.0,16.23,9.0,16.24,303.0,24.41,64.0,24.43,196.0,68.21,2.0,68.44,2.0
2021-09-27 09:47:27.647860-04:00,33.95,1.0,34.0,63.0,17.93,1122.0,17.94,318.0,16.48,1750.0,16.49,2401.0,53.17,72.0,53.22,1.0,16.23,9.0,16.24,303.0,24.41,64.0,24.43,196.0,68.21,2.0,68.44,21.0
2021-09-27 09:47:27.647860-04:00,33.95,1.0,34.0,63.0,17.93,1122.0,17.94,318.0,16.48,2239.0,16.49,1136.0,53.17,72.0,53.22,1.0,16.23,69.0,16.24,67.0,24.42,82.0,24.43,3.0,68.21,2.0,68.44,21.0
2021-09-27 09:47:27.647860-04:00,33.95,1.0,34.0,63.0,17.94,946.0,17.95,959.0,16.48,2239.0,16.49,1136.0,53.17,72.0,53.22,1.0,16.23,69.0,16.24,67.0,24.42,82.0,24.43,3.0,68.21,2.0,68.44,21.0
2021-09-27 09:47:37.677048-04:00,33.98,3.0,34.0,3.0,17.94,946.0,17.95,959.0,16.48,2239.0,16.49,1136.0,53.17,72.0,53.22,1.0,16.23,69.0,16.24,67.0,24.42,82.0,24.43,3.0,68.21,2.0,68.44,21.0
2021-09-27 09:47:37.677048-04:00,33.98,3.0,34.0,3.0,17.94,946.0,17.95,959.0,16.48,2239.0,16.49,1136.0,53.14,36.0,53.2,110.0,16.23,69.0,16.24,67.0,24.42,82.0,24.43,3.0,68.21,2.0,68.44,21.0
2021-09-27 09:47:37.677048-04:00,33.98,3.0,34.0,3.0,17.93,2092.0,17.94,210.0,16.48,2239.0,16.49,1136.0,53.14,36.0,53.2,110.0,16.23,69.0,16.24,67.0,24.42,82.0,24.43,3.0,68.21,2.0,68.44,21.0
2021-09-27 09:47:37.677048-04:00,33.98,3.0,34.0,3.0,17.93,2092.0,17.94,210.0,16.48,1859.0,16.49,1389.0,53.14,36.0,53.2,110.0,16.23,69.0,16.24,67.0,24.42,82.0,24.43,3.0,68.21,2.0,68.44,21.0
2021-09-27 09:47:37.677048-04:00,33.98,3.0,34.0,3.0,17.93,2092.0,17.94,210.0,16.48,1859.0,16.49,1389.0,53.17,72.0,53.22,20.0,16.23,7.0,16.24,263.0,24.42,82.0,24.43,3.0,68.21,2.0,68.44,21.0
2021-09-27 09:47:37.677048-04:00,33.98,3.0,34.0,3.0,17.93,2092.0,17.94,210.0,16.48,1859.0,16.49,1389.0,53.17,72.0,53.22,20.0,16.23,7.0,16.24,263.0,24.41,72.0,24.43,114.0,68.21,2.0,68.44,21.0
2021-09-27 09:47:56.692232-04:00,33.98,3.0,34.0,83.0,17.93,2092.0,17.94,210.0,16.48,1859.0,16.49,1389.0,53.17,72.0,53.22,20.0,16.23,7.0,16.24,263.0,24.41,72.0,24.43,114.0,68.21,2.0,68.44,21.0
2021-09-27 09:47:56.692232-04:00,33.98,3.0,34.0,83.0,17.93,2092.0,17.94,210.0,16.48,1859.0,16.49,1389.0,53.17,73.0,53.23,124.0,16.23,7.0,16.24,263.0,24.41,72.0,24.43,114.0,68.21,2.0,68.44,21.0
2021-09-27 09:47:56.692232-04:00,33.98,3.0,34.0,83.0,17.93,747.0,17.94,710.0,16.48,1859.0,16.49,1389.0,53.17,73.0,53.23,124.0,16.23,7.0,16.24,263.0,24.41,72.0,24.43,114.0,68.21,2.0,68.44,21.0
2021-09-27 09:47:56.692232-04:00,33.98,3.0,34.0,83.0,17.93,747.0,17.94,710.0,16.48,1858.0,16.49,1880.0,53.17,73.0,53.23,124.0,16.23,7.0,16.24,263.0,24.41,72.0,24.43,114.0,68.21,2.0,68.44,21.0
2021-09-27 09:47:56.692232-04:00,33.98,3.0,34.0,83.0,17.93,747.0,17.94,710.0,16.48,1858.0,16.49,1880.0,53.17,73.0,53.23,124.0,16.23,11.0,16.24,300.0,24.41,72.0,24.43,114.0,68.21,2.0,68.44,21.0
2021-09-27 09:47:56.692232-04:00,33.98,3.0,34.0,83.0,17.93,747.0,17.94,710.0,16.48,1858.0,16.49,1880.0,53.17,73.0,53.23,124.0,16.23,11.0,16.24,300.0,24.41,72.0,24.43,174.0,68.21,2.0,68.44,21.0
2021-09-27 09:48:04.460440-04:00,33.98,1.0,34.0,3.0,17.93,747.0,17.94,710.0,16.48,1858.0,16.49,1880.0,53.17,73.0,53.23,124.0,16.23,11.0,16.24,300.0,24.41,72.0,24.43,174.0,68.21,2.0,68.44,21.0
2021-09-27 09:48:04.460440-04:00,33.98,1.0,34.0,3.0,17.93,747.0,17.94,710.0,16.48,1858.0,16.49,1880.0,53.17,73.0,53.23,124.0,16.23,11.0,16.24,300.0,24.41,72.0,24.43,174.0,68.21,2.0,68.43,2.0
2021-09-27 09:48:04.460440-04:00,33.98,1.0,34.0,3.0,17.93,747.0,17.94,710.0,16.48,1975.0,16.49,1819.0,53.17,73.0,53.23,124.0,16.23,12.0,16.24,280.0,24.41,72.0,24.43,174.0,68.21,2.0,68.43,2.0
2021-09-27 09:48:04.460440-04:00,33.98,1.0,34.0,3.0,17.93,747.0,17.94,710.0,16.48,1975.0,16.49,1819.0,53.17,73.0,53.23,124.0,16.23,12.0,16.24,280.0,24.41,72.0,24.43,204.0,68.21,2.0,68.43,2.0
2021-09-27 09:48:04.460440-04:00,33.98,1.0,34.0,3.0,17.94,218.0,17.95,1868.0,16.48,1975.0,16.49,1819.0,53.17,73.0,53.23,124.0,16.23,12.0,16.24,280.0,24.41,72.0,24.43,204.0,68.21,2.0,68.43,2.0
2021-09-27 09:48:04.460440-04:00,33.98,1.0,34.0,3.0,17.94,218.0,17.95,1868.0,16.48,1975.0,16.49,1819.0,53.16,73.0,53.22,5.0,16.23,12.0,16.24,280.0,24.41,72.0,24.43,204.0,68.21,2.0,68.43,2.0
2021-09-27 09:48:04.460440-04:00,33.98,1.0,34.0,3.0,17.94,218.0,17.95,1868.0,16.48,1975.0,16.49,1819.0,53.16,73.0,53.22,5.0,16.23,12.0,16.24,280.0,24.41,69.0,24.43,198.0,68.21,2.0,68.43,2.0
2021-09-27 09:48:04.460440-04:00,33.98,1.0,34.0,3.0,17.93,1266.0,17.94,273.0,16.48,1975.0,16.49,1819.0,53.16,73.0,53.22,5.0,16.23,12.0,16.24,280.0,24.41,69.0,24.43,198.0,68.21,2.0,68.43,2.0
2021-09-27 09:48:04.460440-04:00,33.98,1.0,34.0,3.0,17.93,1266.0,17.94,273.0,16.48,2115.0,16.49,1725.0,53.16,73.0,53.22,84.0,16.23,12.0,16.24,280.0,24.41,69.0,24.43,198.0,68.21,2.0,68.43,2.0
2021-09-27 09:48:04.460440-04:00,33.98,1.0,34.0,3.0,17.93,1266.0,17.94,273.0,16.48,2115.0,16.49,1725.0,53.16,73.0,53.22,84.0,16.23,11.0,16.24,271.0,24.41,69.0,24.43,198.0,68.21,2.0,68.43,2.0
2021-09-27 09:48:24.727255-04:00,33.98,1.0,34.02,110.0,17.93,1266.0,17.94,273.0,16.48,2115.0,16.49,1725.0,53.16,73.0,53.22,84.0,16.23,11.0,16.24,271.0,24.41,69.0,24.43,198.0,68.21,2.0,68.43,2.0
2021-09-27 09:48:24.727255-04:00,33.98,1.0,34.02,110.0,17.93,1266.0,17.94,273.0,16.48,2135.0,16.49,1111.0,53.16,73.0,53.22,84.0,16.23,11.0,16.24,271.0,24.41,69.0,24.43,198.0,68.21,2.0,68.43,2.0
2021-09-27 09:48:24.727255-04:00,33.98,1.0,34.02,110.0,17.93,1266.0,17.94,273.0,16.48,2135.0,16.49,1111.0,53.15,99.0,53.21,57.0,16.23,11.0,16.24,271.0,24.41,69.0,24.43,198.0,68.21,2.0,68.43,2.0
2021-09-27 09:48:24.727255-04:00,33.98,1.0,34.02,110.0,17.93,1266.0,17.94,273.0,16.48,2135.0,16.49,1111.0,53.15,99.0,53.21,57.0,16.23,8.0,16.24,254.0,24.41,69.0,24.43,198.0,68.21,2.0,68.43,2.0
2021-09-27 09:48:24.727255-04:00,33.98,1.0,34.02,110.0,17.93,1266.0,17.94,273.0,16.48,2135.0,16.49,1111.0,53.15,99.0,53.21,57.0,16.23,8.0,16.24,254.0,24.41,69.0,24.43,198.0,68.21,2.0,68.42,2.0
