time,bid1,bid_size1,ask1,ask_size1,bid2,bid_size2,ask2,ask_size2,bid3,bid_size3,ask3,ask_size3,bid4,bid_size4,ask4,ask_size4,bid5,bid_size5,ask5,ask_size5,bid6,bid_size6,ask6,ask_size6,bid7,bid_size7,ask7,ask_size7
2021-09-28 09:30:08.228362-04:00,34.94,96.0,35.02,95.0,18.29,807.0,18.31,593.0,16.65,1458.0,16.66,1525.0,52.06,18.0,52.14,90.0,16.32,161.0,16.34,53.0,24.49,73.0,24.51,166.0,67.71,5.0,68.21,60.0
2021-09-28 09:30:08.228362-04:00,34.94,96.0,35.02,95.0,18.29,807.0,18.31,593.0,16.65,1458.0,16.66,1525.0,52.06,18.0,52.14,90.0,16.32,161.0,16.34,54.0,24.49,73.0,24.51,166.0,67.71,5.0,68.21,60.0
2021-09-28 09:30:08.228362-04:00,34.94,96.0,35.02,95.0,18.29,807.0,18.31,593.0,16.65,1456.0,16.66,1525.0,52.06,18.0,52.14,90.0,16.32,161.0,16.34,54.0,24.49,73.0,24.51,166.0,67.71,5.0,68.21,60.0
2021-09-28 09:30:12.847010-04:00,34.94,96.0,35.02,95.0,18.29,807.0,18.31,593.0,16.65,1456.0,16.66,1525.0,52.06,1.0,52.13,90.0,16.32,161.0,16.34,54.0,24.49,73.0,24.51,166.0,67.71,5.0,68.21,60.0
2021-09-28 09:30:12.847010-04:00,34.94,96.0,35.02,95.0,18.3,814.0,18.31,28.0,16.65,1456.0,16.66,1525.0,52.06,1.0,52.13,90.0,16.32,161.0,16.34,54.0,24.49,73.0,24.51,166.0,67.71,5.0,68.21,60.0
2021-09-28 09:30:15.852976-04:00,34.96,19.0,35.03,19.0,18.3,814.0,18.31,28.0,16.65,1456.0,16.66,1525.0,52.06,1.0,52.13,90.0,16.32,161.0,16.34,54.0,24.49,73.0,24.51,166.0,67.71,5.0,68.21,60.0
2021-09-28 09:30:22.866223-04:00,34.96,19.0,35.03,58.0,18.3,814.0,18.31,28.0,16.65,1456.0,16.66,1525.0,52.06,1.0,52.13,90.0,16.32,161.0,16.34,54.0,24.49,73.0,24.51,166.0,67.71,5.0,68.21,60.0
2021-09-28 09:30:22.866223-04:00,34.96,19.0,35.03,58.0,18.3,698.0,18.31,314.0,16.65,1456.0,16.66,1525.0,52.06,1.0,52.13,90.0,16.32,161.0,16.34,54.0,24.49,73.0,24.51,166.0,67.71,5.0,68.21,60.0
2021-09-28 09:30:22.866223-04:00,34.96,19.0,35.03,58.0,18.3,698.0,18.31,314.0,16.65,1612.0,16.66,1525.0,52.06,1.0,52.13,90.0,16.32,161.0,16.34,54.0,24.49,73.0,24.51,166.0,67.71,5.0,68.21,60.0
2021-09-28 09:30:22.866223-04:00,34.96,19.0,35.03,58.0,18.3,698.0,18.31,314.0,16.65,1612.0,16.66,1525.0,52.04,90.0,52.13,90.0,16.32,161.0,16.34,54.0,24.49,73.0,24.51,166.0,67.71,5.0,68.21,60.0
2021-09-28 09:30:34.664680-04:00,34.95,95.0,35.03,2.0,18.3,698.0,18.31,314.0,16.65,1612.0,16.66,1525.0,52.04,90.0,52.13,90.0,16.32,161.0,16.34,54.0,24.49,73.0,24.51,166.0,67.71,5.0,68.21,60.0
2021-09-28 09:30:34.664680-04:00,34.95,95.0,35.03,2.0,18.3,504.0,18.31,220.0,16.65,1612.0,16.66,1525.0,52.04,90.0,52.13,90.0,16.32,161.0,16.34,54.0,24.49,73.0,24.51,166.0,67.71,5.0,68.21,60.0
2021-09-28 09:30:34.664680-04:00,34.95,95.0,35.03,2.0,18.3,504.0,18.31,220.0,16.65,1846.0,16.66,1525.0,52.04,90.0,52.13,90.0,16.32,161.0,16.34,54.0,24.49,73.0,24.51,166.0,67.71,5.0,68.21,60.0
2021-09-28 09:30:34.664680-04:00,34.95,95.0,35.03,2.0,18.3,504.0,18.31,220.0,16.65,1846.0,16.66,1525.0,52.05,1.0,52.12,36.0,16.32,161.0,16.34,54.0,24.49,73.0,24.51,166.0,67.71,5.0,68.21,60.0
2021-09-28 09:30:48.046901-04:00,34.96,95.0,35.03,2.0,18.3,504.0,18.31,220.0,16.65,1846.0,16.66,1525.0,52.05,1.0,52.12,36.0,16.32,161.0,16.34,54.0,24.49,73.0,24.51,166.0,67.71,5.0,68.21,60.0
2021-09-28 09:30:48.046901-04:00,34.96,95.0,35.03,2.0,18.3,967.0,18.32,473.0,16.65,1846.0,16.66,1525.0,52.05,1.0,52.12,36.0,16.32,161.0,16.34,54.0,24.49,73.0,24.51,166.0,67.71,5.0,68.21,60.0
2021-09-28 09:30:48.046901-04:00,34.96,95.0,35.03,2.0,18.3,967.0,18.32,473.0,16.65,1846.0,16.66,1525.0,52.05,1.0,52.12,36.0,16.33,160.0,16.34,50.0,24.49,73.0,24.51,166.0,67.71,5.0,68.21,60.0
2021-09-28 09:30:48.046901-04:00,34.96,95.0,35.03,2.0,18.3,967.0,18.32,473.0,16.65,1846.0,16.66,1525.0,52.05,1.0,52.12,36.0,16.33,160.0,16.34,50.0,24.49,73.0,24.51,166.0,67.69,5.0,68.21,60.0
2021-09-28 09:30:48.046901-04:00,34.96,95.0,35.03,2.0,18.3,967.0,18.32,473.0,16.65,1846.0,16.66,1525.0,52.05,1.0,52.12,36.0,16.33,160.0,16.34,50.0,24.5,57.0,24.52,154.0,67.69,5.0,68.21,60.0
2021-09-28 09:30:48.046901-04:00,34.96,95.0,35.03,2.0,18.31,1012.0,18.33,762.0,16.65,1846.0,16.66,1525.0,52.05,1.0,52.12,36.0,16.33,160.0,16.34,50.0,24.5,57.0,24.52,154.0,67.69,5.0,68.21,60.0
2021-09-28 09:30:48.046901-04:00,34.96,95.0,35.03,2.0,18.31,1012.0,18.33,762.0,16.65,1846.0,16.66,1525.0,52.01,37.0,52.1,72.0,16.33,160.0,16.34,50.0,24.5,57.0,24.52,154.0,67.69,5.0,68.21,60.0
2021-09-28 09:30:51.930519-04:00,34.98,95.0,35.06,2.0,18.31,1012.0,18.33,762.0,16.65,1846.0,16.66,1525.0,52.01,37.0,52.1,72.0,16.33,160.0,16.34,50.0,24.5,57.0,24.52,154.0,67.69,5.0,68.21,60.0
2021-09-28 09:30:51.930519-04:00,34.98,95.0,35.06,2.0,18.31,1012.0,18.33,762.0,16.66,1106.0,16.67,2230.0,52.01,37.0,52.1,72.0,16.33,160.0,16.34,50.0,24.5,57.0,24.52,154.0,67.69,5.0,68.21,60.0
2021-09-28 09:30:51.930519-04:00,34.98,95.0,35.06,2.0,18.31,1012.0,18.33,762.0,16.66,1106.0,16.67,2230.0,52.01,37.0,52.1,72.0,16.33,141.0,16.35,67.0,24.5,67.0,24.52,154.0,67.69,5.0,68.21,60.0
2021-09-28 09:30:51.930519-04:00,34.98,95.0,35.06,2.0,18.31,1012.0,18.33,762.0,16.66,1106.0,16.67,2230.0,52.0,56.0,52.08,72.0,16.33,141.0,16.35,67.0,24.5,67.0,24.52,154.0,67.69,5.0,68.21,60.0
2021-09-28 09:30:51.930519-04:00,34.98,95.0,35.06,2.0,18.31,804.0,18.33,717.0,16.66,1106.0,16.67,2230.0,52.0,56.0,52.08,72.0,16.33,141.0,16.35,67.0,24.5,67.0,24.52,154.0,67.69,5.0,68.21,60.0
2021-09-28 09:31:06.963324-04:00,35.0,95.0,35.07,80.0,18.31,804.0,18.33,717.0,16.66,1106.0,16.67,2230.0,52.0,56.0,52.08,72.0,16.33,141.0,16.35,67.0,24.5,67.0,24.52,154.0,67.69,5.0,68.21,60.0
2021-09-28 09:31:06.963324-04:00,35.0,95.0,35.07,80.0,18.31,804.0,18.33,717.0,16.66,1768.0,16.67,2246.0,52.0,56.0,52.08,72.0,16.33,141.0,16.35,67.0,24.5,67.0,24.52,154.0,67.69,5.0,68.21,60.0
2021-09-28 09:31:06.963324-04:00,35.0,95.0,35.07,80.0,18.31,804.0,18.33,717.0,16.66,1768.0,16.67,2246.0,52.0,38.0,52.08,36.0,16.33,141.0,16.35,67.0,24.5,67.0,24.52,154.0,67.69,5.0,68.21,60.0
2021-09-28 09:31:15.983209-04:00,35.0,19.0,35.07,4.0,18.31,804.0,18.33,717.0,16.66,1768.0,16.67,2246.0,52.0,38.0,52.08,36.0,16.33,141.0,16.35,67.0,24.5,67.0,24.52,154.0,67.69,5.0,68.21,60.0
2021-09-28 09:31:15.983209-04:00,35.0,19.0,35.07,4.0,18.32,132.0,18.33,731.0,16.66,1768.0,16.67,2246.0,52.0,38.0,52.08,36.0,16.33,141.0,16.35,67.0,24.5,67.0,24.52,154.0,67.69,5.0,68.21,60.0
2021-09-28 09:31:15.983209-04:00,35.0,19.0,35.07,4.0,18.32,132.0,18.33,731.0,16.66,1768.0,16.67,2246.0,52.0,38.0,52.08,36.0,16.33,141.0,16.35,67.0,24.5,60.0,24.52,154.0,67.69,5.0,68.21,60.0
2021-09-28 09:31:15.983209-04:00,35.0,19.0,35.07,4.0,18.32,132.0,18.33,731.0,16.66,1768.0,16.67,2246.0,52.0,38.0,52.08,36.0,16.33,127.0,16.34,8.0,24.5,60.0,24.52,154.0,67.69,5.0,68.21,60.0
2021-09-28 09:31:15.983209-04:00,35.0,19.0,35.07,4.0,18.32,132.0,18.33,731.0,16.66,1021.0,16.67,2246.0,52.0,38.0,52.08,36.0,16.33,127.0,16.34,8.0,24.5,60.0,24.52,154.0,67.69,5.0,68.21,60.0
2021-09-28 09:31:15.983209-04:00,35.0,19.0,35.07,4.0,18.31,795.0,18.32,608.0,16.66,1021.0,16.67,2246.0,52.0,38.0,52.08,36.0,16.33,127.0,16.34,8.0,24.5,60.0,24.52,154.0,67.69,5.0,68.21,60.0
2021-09-28 09:31:15.983209-04:00,35.0,19.0,35.07,4.0,18.31,795.0,18.32,608.0,16.66,1021.0,16.67,2246.0,52.02,92.0,52.1,90.0,16.33,127.0,16.34,8.0,24.5,60.0,24.52,154.0,67.69,5.0,68.21,60.0
2021-09-28 09:31:28.288311-04:00,34.98,76.0,35.06,80.0,18.31,795.0,18.32,608.0,16.66,1021.0,16.67,2246.0,52.02,92.0,52.1,90.0,16.33,127.0,16.34,8.0,24.5,60.0,24.52,154.0,67.69,5.0,68.21,60.0
2021-09-28 09:31:28.288311-04:00,34.98,76.0,35.06,80.0,18.31,795.0,18.32,608.0,16.66,1021.0,16.67,2246.0,52.04,1.0,52.12,90.0,16.33,127.0,16.34,8.0,24.5,60.0,24.52,154.0,67.69,5.0,68.21,60.0
2021-09-28 09:31:28.288311-04:00,34.98,76.0,35.06,80.0,18.31,795.0,18.32,608.0,16.66,1021.0,16.67,2246.0,52.04,1.0,52.12,90.0,16.33,144.0,16.34,52.0,24.5,60.0,24.52,154.0,67.69,5.0,68.21,60.0
2021-09-28 09:31:28.288311-04:00,34.98,76.0,35.06,80.0,18.31,795.0,18.32,608.0,16.66,1021.0,16.67,2246.0,52.04,1.0,52.12,90.0,16.33,144.0,16.34,52.0,24.5,51.0,24.52,154.0,67.69,5.0,68.21,60.0
2021-09-28 09:31:28.288311-04:00,34.98,76.0,35.06,80.0,18.3,691.0,18.31,4.0,16.66,1021.0,16.67,2246.0,52.04,1.0,52.12,90.0,16.33,144.0,16.34,52.0,24.5,51.0,24.52,154.0,67.69,5.0,68.21,60.0
2021-09-28 09:31:36.954142-04:00,34.96,76.0,35.04,21.0,18.3,691.0,18.31,4.0,16.66,1021.0,16.67,2246.0,52.04,1.0,52.12,90.0,16.33,144.0,16.34,52.0,24.5,51.0,24.52,154.0,67.69,5.0,68.21,60.0
2021-09-28 09:31:36.954142-04:00,34.96,76.0,35.04,21.0,18.3,691.0,18.31,4.0,16.65,2024.0,16.66,1661.0,52.04,1.0,52.12,90.0,16.33,144.0,16.34,52.0,24.5,51.0,24.52,154.0,67.69,5.0,68.21,60.0
2021-09-28 09:31:41.960755-04:00,34.98,95.0,35.04,2.0,18.3,691.0,18.31,4.0,16.65,2024.0,16.66,1661.0,52.04,1.0,52.12,90.0,16.33,144.0,16.34,52.0,24.5,51.0,24.52,154.0,67.69,5.0,68.21,60.0
2021-09-28 09:31:41.960755-04:00,34.98,95.0,35.04,2.0,18.3,691.0,18.31,4.0,16.65,2024.0,16.66,1661.0,52.04,1.0,52.12,90.0,16.33,173.0,16.34,53.0,24.5,51.0,24.52,154.0,67.69,5.0,68.21,60.0
2021-09-28 09:31:41.960755-04:00,34.98,95.0,35.04,2.0,18.3,691.0,18.31,4.0,16.65,2024.0,16.66,1661.0,52.04,1.0,52.12,90.0,16.33,173.0,16.34,53.0,24.5,57.0,24.52,154.0,67.69,5.0,68.21,60.0
2021-09-28 09:31:41.960755-04:00,34.98,95.0,35.04,2.0,18.31,725.0,18.32,626.0,16.65,2024.0,16.66,1661.0,52.04,1.0,52.12,90.0,16.33,173.0,16.34,53.0,24.5,57.0,24.52,154.0,67.69,5.0,68.21,60.0
2021-09-28 09:31:41.960755-04:00,34.98,95.0,35.04,2.0,18.31,725.0,18.32,626.0,16.65,2024.0,16.66,1661.0,52.02,18.0,52.1,90.0,16.33,173.0,16.34,53.0,24.5,57.0,24.52,154.0,67.69,5.0,68.21,60.0
2021-09-28 09:31:41.960755-04:00,34.98,95.0,35.04,2.0,18.31,725.0,18.32,626.0,16.65,1829.0,16.66,70.0,52.02,18.0,52.1,90.0,16.33,173.0,16.34,53.0,24.5,57.0,24.52,154.0,67.69,5.0,68.21,60.0
2021-09-28 09:31:55.136530-04:00,34.97,95.0,35.04,2.0,18.31,725.0,18.32,626.0,16.65,1829.0,16.66,70.0,52.02,18.0,52.1,90.0,16.33,173.0,16.34,53.0,24.5,57.0,24.52,154.0,67.69,5.0,68.21,60.0
2021-09-28 09:31:55.136530-04:00,34.97,95.0,35.04,2.0,18.31,725.0,18.32,626.0,16.65,1829.0,16.66,70.0,52.03,2.0,52.11,72.0,16.33,173.0,16.34,53.0,24.5,57.0,24.52,154.0,67.69,5.0,68.21,60.0
2021-09-28 09:31:55.136530-04:00,34.97,95.0,35.04,2.0,18.31,725.0,18.32,626.0,16.65,1829.0,16.66,690.0,52.03,2.0,52.11,72.0,16.33,173.0,16.34,53.0,24.5,57.0,24.52,154.0,67.69,5.0,68.21,60.0
2021-09-28 09:31:55.136530-04:00,34.97,95.0,35.04,2.0,18.3,1046.0,18.32,823.0,16.65,1829.0,16.66,690.0,52.03,2.0,52.11,72.0,16.33,173.0,16.34,53.0,24.5,57.0,24.52,154.0,67.69,5.0,68.21,60.0
2021-09-28 09:31:55.136530-04:00,34.97,95.0,35.04,2.0,18.3,1046.0,18.32,823.0,16.65,1829.0,16.66,690.0,52.03,38.0,52.11,72.0,16.33,173.0,16.34,53.0,24.5,57.0,24.52,154.0,67.69,5.0,68.21,60.0
2021-09-28 09:31:55.136530-04:00,34.97,95.0,35.04,2.0,18.3,1046.0,18.32,823.0,16.65,1829.0,16.66,1654.0,52.03,38.0,52.11,72.0,16.33,173.0,16.34,53.0,24.5,57.0,24.52,154.0,67.69,5.0,68.21,60.0
2021-09-28 09:31:55.136530-04:00,34.97,95.0,35.04,2.0,18.3,1046.0,18.32,823.0,16.65,1829.0,16.66,1654.0,52.03,38.0,52.11,72.0,16.33,173.0,16.34,54.0,24.5,57.0,24.52,154.0,67.69,5.0,68.21,60.0
2021-09-28 09:31:55.136530-04:00,34.97,95.0,35.04,2.0,18.3,1046.0,18.32,823.0,16.65,1829.0,16.66,1654.0,52.03,38.0,52.11,72.0,16.33,173.0,16.34,54.0,24.5,55.0,24.52,154.0,67.69,5.0,68.21,60.0
2021-09-28 09:31:55.136530-04:00,34.97,95.0,35.04,2.0,18.3,1046.0,18.32,823.0,16.65,1829.0,16.66,1654.0,52.03,38.0,52.11,72.0,16.33,173.0,16.34,54.0,24.5,55.0,24.52,154.0,67.54,5.0,68.21,60.0
2021-09-28 09:31:55.136530-04:00,34.97,95.0,35.04,2.0,18.3,1046.0,18.32,823.0,16.65,1829.0,16.66,1654.0,52.03,38.0,52.11,72.0,16.33,173.0,16.34,54.0,24.5,65.0,24.52,152.0,67.54,5.0,68.21,60.0
2021-09-28 09:31:55.136530-04:00,34.97,95.0,35.04,2.0,18.3,1046.0,18.32,823.0,16.65,1829.0,16.66,1654.0,52.0,90.0,52.09,90.0,16.33,173.0,16.34,54.0,24.5,65.0,24.52,152.0,67.54,5.0,68.21,60.0
2021-09-28 09:31:55.136530-04:00,34.97,95.0,35.04,2.0,18.3,1046.0,18.32,823.0,16.65,1829.0,16.66,1654.0,52.0,90.0,52.09,90.0,16.33,155.0,16.34,8.0,24.5,65.0,24.52,152.0,67.54,5.0,68.21,60.0
2021-09-28 09:31:55.136530-04:00,34.97,95.0,35.04,2.0,18.31,1037.0,18.33,702.0,16.65,1829.0,16.66,1654.0,52.0,90.0,52.09,90.0,16.33,155.0,16.34,8.0,24.5,65.0,24.52,152.0,67.54,5.0,68.21,60.0
2021-09-28 09:32:16.029669-04:00,34.99,95.0,35.07,2.0,18.31,1037.0,18.33,702.0,16.65,1829.0,16.66,1654.0,52.0,90.0,52.09,90.0,16.33,155.0,16.34,8.0,24.5,65.0,24.52,152.0,67.54,5.0,68.21,60.0
2021-09-28 09:32:16.029669-04:00,34.99,95.0,35.07,2.0,18.31,1037.0,18.33,702.0,16.66,1206.0,16.67,2131.0,52.0,90.0,52.09,90.0,16.33,155.0,16.34,8.0,24.5,65.0,24.52,152.0,67.54,5.0,68.21,60.0
2021-09-28 09:32:16.029669-04:00,34.99,95.0,35.07,2.0,18.31,1037.0,18.33,702.0,16.66,1296.0,16.67,2131.0,52.0,90.0,52.09,90.0,16.33,155.0,16.34,8.0,24.5,65.0,24.52,152.0,67.54,5.0,68.21,60.0
2021-09-28 09:32:16.029669-04:00,34.99,95.0,35.07,2.0,18.31,1037.0,18.33,702.0,16.66,1296.0,16.67,2131.0,52.0,72.0,52.08,90.0,16.33,155.0,16.34,8.0,24.5,65.0,24.52,152.0,67.54,5.0,68.21,60.0
2021-09-28 09:32:16.029669-04:00,34.99,95.0,35.07,2.0,18.31,1048.0,18.33,702.0,16.66,1296.0,16.67,2131.0,52.0,72.0,52.08,90.0,16.33,155.0,16.34,8.0,24.5,65.0,24.52,152.0,67.54,5.0,68.21,60.0
2021-09-28 09:32:22.115401-04:00,35.0,95.0,35.07,2.0,18.31,1048.0,18.33,702.0,16.66,1296.0,16.67,2131.0,52.0,72.0,52.08,90.0,16.33,155.0,16.34,8.0,24.5,65.0,24.52,152.0,67.54,5.0,68.21,60.0
2021-09-28 09:32:22.115401-04:00,35.0,95.0,35.07,2.0,18.31,1048.0,18.33,702.0,16.66,1296.0,16.67,2131.0,52.0,1.0,52.08,90.0,16.33,155.0,16.34,8.0,24.5,65.0,24.52,152.0,67.54,5.0,68.21,60.0
2021-09-28 09:32:22.115401-04:00,35.0,95.0,35.07,2.0,18.31,1048.0,18.33,702.0,16.66,1644.0,16.67,2131.0,52.0,1.0,52.08,90.0,16.33,155.0,16.34,8.0,24.5,65.0,24.52,152.0,67.54,5.0,68.21,60.0
2021-09-28 09:32:22.115401-04:00,35.0,95.0,35.07,2.0,18.32,80.0,18.33,627.0,16.66,1644.0,16.67,2131.0,52.0,1.0,52.08,90.0,16.33,155.0,16.34,8.0,24.5,65.0,24.52,152.0,67.54,5.0,68.21,60.0
2021-09-28 09:32:22.115401-04:00,35.0,95.0,35.07,2.0,18.32,80.0,18.33,627.0,16.66,1644.0,16.67,2131.0,52.03,91.0,52.12,90.0,16.33,155.0,16.34,8.0,24.5,65.0,24.52,152.0,67.54,5.0,68.21,60.0
2021-09-28 09:32:22.115401-04:00,35.0,95.0,35.07,2.0,18.3,1038.0,18.32,912.0,16.66,1644.0,16.67,2131.0,52.03,91.0,52.12,90.0,16.33,155.0,16.34,8.0,24.5,65.0,24.52,152.0,67.54,5.0,68.21,60.0
2021-09-28 09:32:22.115401-04:00,35.0,95.0,35.07,2.0,18.3,1038.0,18.32,912.0,16.66,1644.0,16.67,2131.0,52.03,91.0,52.12,90.0,16.32,97.0,16.34,56.0,24.5,65.0,24.52,152.0,67.54,5.0,68.21,60.0
2021-09-28 09:32:22.115401-04:00,35.0,95.0,35.07,2.0,18.3,1038.0,18.32,912.0,16.66,1644.0,16.67,2131.0,52.03,91.0,52.12,90.0,16.32,97.0,16.34,56.0,24.49,75.0,24.51,131.0,67.54,5.0,68.21,60.0
2021-09-28 09:32:22.115401-04:00,35.0,95.0,35.07,2.0,18.3,1038.0,18.32,912.0,16.66,1644.0,16.67,2131.0,52.03,91.0,52.12,90.0,16.32,97.0,16.34,56.0,24.49,75.0,24.51,131.0,67.58,10.0,68.21,60.0
2021-09-28 09:32:22.115401-04:00,35.0,95.0,35.07,2.0,18.3,1038.0,18.32,912.0,16.65,2062.0,16.66,1733.0,52.03,91.0,52.12,90.0,16.32,97.0,16.34,56.0,24.49,75.0,24.51,131.0,67.58,10.0,68.21,60.0
2021-09-28 09:32:48.928712-04:00,34.96,57.0,35.04,2.0,18.3,1038.0,18.32,912.0,16.65,2062.0,16.66,1733.0,52.03,91.0,52.12,90.0,16.32,97.0,16.34,56.0,24.49,75.0,24.51,131.0,67.58,10.0,68.21,60.0
2021-09-28 09:32:48.928712-04:00,34.96,57.0,35.04,2.0,18.3,1038.0,18.32,912.0,16.65,2062.0,16.66,1733.0,52.03,91.0,52.12,90.0,16.32,97.0,16.34,56.0,24.49,75.0,24.51,151.0,67.58,10.0,68.21,60.0
2021-09-28 09:32:48.928712-04:00,34.96,57.0,35.04,2.0,18.3,1038.0,18.32,912.0,16.65,2062.0,16.66,1733.0,52.03,91.0,52.12,90.0,16.33,34.0,16.34,55.0,24.49,75.0,24.51,151.0,67.58,10.0,68.21,60.0
2021-09-28 09:32:48.928712-04:00,34.96,57.0,35.04,2.0,18.3,1038.0,18.32,912.0,16.65,2062.0,16.66,1733.0,52.03,91.0,52.12,90.0,16.33,34.0,16.34,55.0,24.49,75.0,24.51,151.0,67.64,10.0,68.21,60.0
2021-09-28 09:32:54.859852-04:00,34.97,57.0,35.04,2.0,18.3,1038.0,18.32,912.0,16.65,2062.0,16.66,1733.0,52.03,91.0,52.12,90.0,16.33,34.0,16.34,55.0,24.49,75.0,24.51,151.0,67.64,10.0,68.21,60.0
2021-09-28 09:32:54.859852-04:00,34.97,57.0,35.04,2.0,18.3,1038.0,18.32,912.0,16.65,2062.0,16.66,1733.0,52.03,2.0,52.11,90.0,16.33,34.0,16.34,55.0,24.49,75.0,24.51,151.0,67.64,10.0,68.21,60.0
2021-09-28 09:32:54.859852-04:00,34.97,57.0,35.04,2.0,18.3,987.0,18.32,825.0,16.65,2062.0,16.66,1733.0,52.03,2.0,52.11,90.0,16.33,34.0,16.34,55.0,24.49,75.0,24.51,151.0,67.64,10.0,68.21,60.0
2021-09-28 09:32:54.859852-04:00,34.97,57.0,35.04,2.0,18.3,987.0,18.32,825.0,16.65,1864.0,16.66,1594.0,52.03,2.0,52.11,90.0,16.33,34.0,16.34,55.0,24.49,75.0,24.51,151.0,67.64,10.0,68.21,60.0
2021-09-28 09:32:54.859852-04:00,34.97,57.0,35.04,2.0,18.3,987.0,18.32,825.0,16.65,1864.0,16.66,1594.0,52.03,1.0,52.1,72.0,16.33,34.0,16.34,55.0,24.49,75.0,24.51,151.0,67.64,10.0,68.21,60.0
2021-09-28 09:32:58.869133-04:00,34.98,57.0,35.06,95.0,18.3,987.0,18.32,825.0,16.65,1864.0,16.66,1594.0,52.03,1.0,52.1,72.0,16.33,34.0,16.34,55.0,24.49,75.0,24.51,151.0,67.64,10.0,68.21,60.0
2021-09-28 09:32:58.869133-04:00,34.98,57.0,35.06,95.0,18.3,987.0,18.32,825.0,16.65,1864.0,16.66,1594.0,52.03,1.0,52.1,72.0,16.33,34.0,16.34,55.0,24.5,7.0,24.51,151.0,67.64,10.0,68.21,60.0
2021-09-28 09:32:58.869133-04:00,34.98,57.0,35.06,95.0,18.31,455.0,18.32,634.0,16.65,1864.0,16.66,1594.0,52.03,1.0,52.1,72.0,16.33,34.0,16.34,55.0,24.5,7.0,24.51,151.0,67.64,10.0,68.21,60.0
2021-09-28 09:32:58.869133-04:00,34.98,57.0,35.06,95.0,18.31,455.0,18.32,634.0,16.65,1864.0,16.66,420.0,52.03,1.0,52.1,72.0,16.33,34.0,16.34,55.0,24.5,7.0,24.51,151.0,67.64,10.0,68.21,60.0
2021-09-28 09:32:58.869133-04:00,34.98,57.0,35.06,95.0,18.31,455.0,18.32,634.0,16.65,1864.0,16.66,420.0,52.03,1.0,52.1,72.0,16.33,34.0,16.34,55.0,24.5,7.0,24.51,151.0,67.66,10.0,68.21,60.0
2021-09-28 09:32:58.869133-04:00,34.98,57.0,35.06,95.0,18.31,455.0,18.32,634.0,16.65,1864.0,16.66,420.0,52.03,1.0,52.1,72.0,16.33,34.0,16.34,55.0,24.49,71.0,24.51,134.0,67.66,10.0,68.21,60.0
2021-09-28 09:32:58.869133-04:00,34.98,57.0,35.06,95.0,18.31,455.0,18.32,634.0,16.65,1864.0,16.66,420.0,52.03,2.0,52.11,90.0,16.33,34.0,16.34,55.0,24.49,71.0,24.51,134.0,67.66,10.0,68.21,60.0
2021-09-28 09:32:58.869133-04:00,34.98,57.0,35.06,95.0,18.3,977.0,18.32,558.0,16.65,1864.0,16.66,420.0,52.03,2.0,52.11,90.0,16.33,34.0,16.34,55.0,24.49,71.0,24.51,134.0,67.66,10.0,68.21,60.0
2021-09-28 09:32:58.869133-04:00,34.98,57.0,35.06,95.0,18.3,977.0,18.32,558.0,16.65,1864.0,16.66,420.0,52.03,2.0,52.11,90.0,16.32,100.0,16.34,61.0,24.49,71.0,24.51,134.0,67.66,10.0,68.21,60.0
2021-09-28 09:33:15.634310-04:00,34.97,57.0,35.04,2.0,18.3,977.0,18.32,558.0,16.65,1864.0,16.66,420.0,52.03,2.0,52.11,90.0,16.32,100.0,16.34,61.0,24.49,71.0,24.51,134.0,67.66,10.0,68.21,60.0
2021-09-28 09:33:15.634310-04:00,34.97,57.0,35.04,2.0,18.3,977.0,18.32,558.0,16.65,1863.0,16.66,488.0,52.03,2.0,52.11,90.0,16.32,100.0,16.34,61.0,24.49,71.0,24.51,134.0,67.66,10.0,68.21,60.0
2021-09-28 09:33:15.634310-04:00,34.97,57.0,35.04,2.0,18.3,977.0,18.32,558.0,16.65,1863.0,16.66,488.0,52.03,1.0,52.1,90.0,16.32,100.0,16.34,61.0,24.49,71.0,24.51,134.0,67.66,10.0,68.21,60.0
2021-09-28 09:33:15.634310-04:00,34.97,57.0,35.04,2.0,18.31,546.0,18.32,830.0,16.65,1863.0,16.66,488.0,52.03,1.0,52.1,90.0,16.32,100.0,16.34,61.0,24.49,71.0,24.51,158.0,67.66,10.0,68.21,60.0
2021-09-28 09:33:28.983620-04:00,34.98,57.0,35.05,2.0,18.31,546.0,18.32,830.0,16.65,2061.0,16.66,1079.0,52.03,1.0,52.1,90.0,16.33,29.0,16.34,61.0,24.49,71.0,24.51,158.0,67.66,10.0,68.21,60.0
2021-09-28 09:33:28.983620-04:00,34.98,57.0,35.05,2.0,18.31,546.0,18.32,830.0,16.65,2061.0,16.66,1079.0,52.03,1.0,52.1,90.0,16.33,29.0,16.34,61.0,24.49,71.0,24.51,158.0,67.68,10.0,68.21,60.0
2021-09-28 09:33:28.983620-04:00,34.98,57.0,35.05,2.0,18.31,546.0,18.32,830.0,16.65,2061.0,16.66,1079.0,52.0,54.0,52.09,18.0,16.33,29.0,16.34,61.0,24.49,71.0,24.51,158.0,67.68,10.0,68.21,60.0
2021-09-28 09:33:28.983620-04:00,34.98,57.0,35.05,2.0,18.31,546.0,18.32,830.0,16.65,2061.0,16.66,1079.0,52.0,54.0,52.09,18.0,16.33,29.0,16.34,61.0,24.5,20.0,24.51,22.0,67.68,10.0,68.21,60.0
2021-09-28 09:33:28.983620-04:00,34.98,57.0,35.05,2.0,18.31,590.0,18.33,815.0,16.65,2061.0,16.66,1079.0,52.0,54.0,52.09,18.0,16.33,29.0,16.34,61.0,24.5,20.0,24.51,22.0,67.68,10.0,68.21,60.0
2021-09-28 09:33:28.983620-04:00,34.98,57.0,35.05,2.0,18.31,590.0,18.33,815.0,16.65,2061.0,16.66,1079.0,52.0,54.0,52.09,18.0,16.33,167.0,16.34,56.0,24.5,20.0,24.51,22.0,67.68,10.0,68.21,60.0
2021-09-28 09:33:32.941038-04:00,35.03,3.0,35.1,19.0,18.31,590.0,18.33,815.0,16.65,2061.0,16.66,1079.0,52.0,54.0,52.09,18.0,16.33,167.0,16.34,56.0,24.5,20.0,24.51,22.0,67.68,10.0,68.21,60.0
2021-09-28 09:33:32.941038-04:00,35.03,3.0,35.1,19.0,18.31,590.0,18.33,815.0,16.66,1188.0,16.67,1265.0,52.0,54.0,52.09,18.0,16.33,167.0,16.34,56.0,24.5,20.0,24.51,22.0,67.68,10.0,68.21,60.0
2021-09-28 09:33:32.941038-04:00,35.03,3.0,35.1,19.0,18.31,590.0,18.33,815.0,16.66,1188.0,16.67,1265.0,52.0,54.0,52.09,18.0,16.33,167.0,16.34,56.0,24.5,63.0,24.52,256.0,67.68,10.0,68.21,60.0
2021-09-28 09:33:32.941038-04:00,35.03,3.0,35.1,19.0,18.31,590.0,18.33,815.0,16.66,1188.0,16.67,1265.0,52.0,54.0,52.09,18.0,16.33,167.0,16.34,56.0,24.5,63.0,24.52,256.0,67.69,10.0,68.21,60.0
2021-09-28 09:33:32.941038-04:00,35.03,3.0,35.1,19.0,18.31,590.0,18.33,815.0,16.66,1188.0,16.67,1265.0,52.0,54.0,52.09,18.0,16.33,176.0,16.34,9.0,24.5,63.0,24.52,256.0,67.69,10.0,68.21,60.0
2021-09-28 09:33:45.967211-04:00,35.03,1.0,35.09,59.0,18.31,590.0,18.33,815.0,16.66,1188.0,16.67,1265.0,52.0,54.0,52.09,18.0,16.33,176.0,16.34,9.0,24.5,63.0,24.52,256.0,67.69,10.0,68.21,60.0
2021-09-28 09:33:45.967211-04:00,35.03,1.0,35.09,59.0,18.31,590.0,18.33,815.0,16.66,1188.0,16.67,1265.0,51.99,19.0,52.07,72.0,16.33,176.0,16.34,9.0,24.5,63.0,24.52,256.0,67.69,10.0,68.21,60.0
2021-09-28 09:33:45.967211-04:00,35.03,1.0,35.09,59.0,18.32,492.0,18.33,606.0,16.66,1188.0,16.67,1265.0,51.99,19.0,52.07,72.0,16.33,176.0,16.34,9.0,24.5,63.0,24.52,256.0,67.69,10.0,68.21,60.0
2021-09-28 09:33:45.967211-04:00,35.03,1.0,35.09,59.0,18.32,492.0,18.33,606.0,16.66,1834.0,16.67,1858.0,51.99,19.0,52.07,72.0,16.33,176.0,16.34,9.0,24.5,63.0,24.52,256.0,67.69,10.0,68.21,60.0
2021-09-28 09:33:45.967211-04:00,35.03,1.0,35.09,59.0,18.32,454.0,18.33,638.0,16.66,1834.0,16.67,2254.0,51.99,38.0,52.07,72.0,16.33,176.0,16.34,11.0,24.5,63.0,24.52,256.0,67.69,10.0,68.21,60.0
2021-09-28 09:33:55.837824-04:00,35.03,1.0,35.09,40.0,18.32,454.0,18.33,638.0,16.66,1834.0,16.67,2254.0,51.99,38.0,52.07,72.0,16.33,176.0,16.34,11.0,24.5,63.0,24.52,256.0,67.69,15.0,68.21,60.0
2021-09-28 09:33:55.837824-04:00,35.03,1.0,35.09,40.0,18.32,508.0,18.33,635.0,16.66,1834.0,16.67,2254.0,51.99,38.0,52.07,72.0,16.33,176.0,16.34,11.0,24.5,63.0,24.52,256.0,67.69,15.0,68.21,60.0
2021-09-28 09:33:55.837824-04:00,35.03,1.0,35.09,40.0,18.32,508.0,18.33,635.0,16.66,1834.0,16.67,2254.0,51.99,38.0,52.07,72.0,16.33,176.0,16.34,11.0,24.5,63.0,24.52,256.0,67.7,15.0,68.21,60.0
2021-09-28 09:33:55.837824-04:00,35.03,1.0,35.09,40.0,18.32,508.0,18.33,635.0,16.66,1834.0,16.67,2254.0,51.99,38.0,52.07,72.0,16.33,176.0,16.34,11.0,24.5,54.0,24.51,28.0,67.7,15.0,68.21,60.0
2021-09-28 09:34:14.029186-04:00,34.99,38.0,35.06,78.0,18.32,508.0,18.33,635.0,16.66,1834.0,16.67,2254.0,51.99,38.0,52.07,72.0,16.33,176.0,16.34,11.0,24.5,54.0,24.51,28.0,67.7,15.0,68.21,60.0
2021-09-28 09:34:14.029186-04:00,34.99,38.0,35.06,78.0,18.32,508.0,18.33,635.0,16.66,1834.0,16.67,2254.0,51.99,38.0,52.07,72.0,16.33,165.0,16.34,47.0,24.5,54.0,24.51,28.0,67.7,15.0,68.21,60.0
2021-09-28 09:34:14.029186-04:00,34.99,38.0,35.06,78.0,18.31,546.0,18.32,454.0,16.66,1834.0,16.67,2254.0,51.99,38.0,52.07,72.0,16.33,165.0,16.34,47.0,24.5,54.0,24.51,28.0,67.7,15.0,68.21,60.0
2021-09-28 09:34:14.029186-04:00,34.99,38.0,35.06,78.0,18.31,546.0,18.32,454.0,16.66,1834.0,16.67,2254.0,52.01,73.0,52.09,54.0,16.33,165.0,16.34,47.0,24.5,54.0,24.51,28.0,67.7,15.0,68.21,60.0
2021-09-28 09:34:14.029186-04:00,34.99,38.0,35.06,78.0,18.31,546.0,18.32,454.0,16.66,792.0,16.67,2089.0,52.01,73.0,52.09,54.0,16.33,165.0,16.34,47.0,24.5,54.0,24.51,28.0,67.7,15.0,68.21,60.0
2021-09-28 09:34:14.029186-04:00,34.99,38.0,35.06,78.0,18.31,546.0,18.32,454.0,16.66,792.0,16.67,2089.0,52.01,73.0,52.09,54.0,16.33,165.0,16.34,47.0,24.5,54.0,24.51,28.0,67.7,5.0,68.21,60.0
2021-09-28 09:34:14.029186-04:00,34.99,38.0,35.06,78.0,18.31,546.0,18.32,454.0,16.66,792.0,16.67,2089.0,52.02,2.0,52.1,90.0,16.33,165.0,16.34,47.0,24.5,54.0,24.51,28.0,67.7,5.0,68.21,60.0
2021-09-28 09:34:14.029186-04:00,34.99,38.0,35.06,78.0,18.31,546.0,18.32,454.0,16.66,792.0,16.67,2089.0,52.02,2.0,52.1,90.0,16.33,165.0,16.34,47.0,24.5,43.0,24.51,18.0,67.7,5.0,68.21,60.0
2021-09-28 09:34:26.055034-04:00,34.98,57.0,35.05,1.0,18.31,546.0,18.32,454.0,16.66,792.0,16.67,2089.0,52.02,2.0,52.1,90.0,16.33,165.0,16.34,47.0,24.5,43.0,24.51,18.0,67.7,5.0,68.21,60.0
2021-09-28 09:34:26.055034-04:00,34.98,57.0,35.05,1.0,18.31,546.0,18.32,454.0,16.66,792.0,16.67,2089.0,52.02,2.0,52.1,90.0,16.33,156.0,16.34,62.0,24.5,43.0,24.51,18.0,67.7,5.0,68.21,60.0
2021-09-28 09:34:26.055034-04:00,34.98,57.0,35.05,1.0,18.31,182.0,18.32,643.0,16.66,792.0,16.67,2089.0,52.02,2.0,52.1,90.0,16.33,156.0,16.34,62.0,24.5,43.0,24.51,18.0,67.7,5.0,68.21,60.0
2021-09-28 09:34:26.055034-04:00,34.98,57.0,35.05,1.0,18.31,182.0,18.32,643.0,16.65,1853.0,16.66,790.0,52.02,2.0,52.1,90.0,16.33,156.0,16.34,62.0,24.5,43.0,24.51,18.0,67.7,5.0,68.21,60.0
2021-09-28 09:34:26.055034-04:00,34.98,57.0,35.05,1.0,18.31,182.0,18.32,643.0,16.65,1853.0,16.66,790.0,52.02,38.0,52.1,90.0,16.33,156.0,16.34,62.0,24.5,43.0,24.51,18.0,67.7,5.0,68.21,60.0
2021-09-28 09:34:26.055034-04:00,34.98,57.0,35.05,1.0,18.31,182.0,18.32,643.0,16.65,1853.0,16.66,790.0,52.02,38.0,52.1,90.0,16.33,156.0,16.34,62.0,24.5,23.0,24.51,18.0,67.7,5.0,68.21,60.0
2021-09-28 09:34:26.055034-04:00,34.98,57.0,35.05,1.0,18.31,455.0,18.32,734.0,16.65,1853.0,16.66,790.0,52.02,38.0,52.1,90.0,16.33,156.0,16.34,62.0,24.5,23.0,24.51,18.0,67.7,5.0,68.21,60.0
2021-09-28 09:34:26.055034-04:00,34.98,57.0,35.05,1.0,18.31,455.0,18.32,734.0,16.65,2051.0,16.66,907.0,52.02,38.0,52.1,90.0,16.33,156.0,16.34,62.0,24.5,23.0,24.51,18.0,67.7,5.0,68.21,60.0
2021-09-28 09:34:26.055034-04:00,34.98,57.0,35.05,1.0,18.31,455.0,18.32,734.0,16.65,2051.0,16.66,907.0,52.02,1.0,52.09,18.0,16.33,156.0,16.34,62.0,24.5,23.0,24.51,18.0,67.7,5.0,68.21,60.0
2021-09-28 09:34:40.084524-04:00,34.99,19.0,35.06,1.0,18.31,455.0,18.32,734.0,16.65,2051.0,16.66,907.0,52.02,1.0,52.09,18.0,16.33,156.0,16.34,62.0,24.5,23.0,24.51,18.0,67.7,5.0,68.21,60.0
2021-09-28 09:34:40.084524-04:00,34.99,19.0,35.06,1.0,18.31,455.0,18.32,370.0,16.66,396.0,16.67,2045.0,52.02,1.0,52.09,18.0,16.33,156.0,16.34,62.0,24.5,23.0,24.51,18.0,67.7,5.0,68.21,60.0
2021-09-28 09:34:40.084524-04:00,34.99,19.0,35.06,1.0,18.31,455.0,18.32,370.0,16.66,396.0,16.67,2045.0,52.02,1.0,52.1,90.0,16.33,156.0,16.34,62.0,24.5,23.0,24.51,18.0,67.7,5.0,68.21,60.0
2021-09-28 09:34:52.861362-04:00,34.99,19.0,35.06,21.0,18.31,455.0,18.32,370.0,16.66,396.0,16.67,2045.0,52.02,1.0,52.1,90.0,16.33,156.0,16.34,62.0,24.5,23.0,24.51,18.0,67.7,5.0,68.21,60.0
2021-09-28 09:34:52.861362-04:00,34.99,19.0,35.06,21.0,18.31,455.0,18.32,275.0,16.66,396.0,16.67,2045.0,52.02,1.0,52.1,90.0,16.33,156.0,16.34,62.0,24.5,23.0,24.51,18.0,67.7,5.0,68.21,60.0
2021-09-28 09:34:52.861362-04:00,34.99,19.0,35.06,21.0,18.31,455.0,18.32,275.0,16.65,1038.0,16.66,349.0,52.02,1.0,52.1,90.0,16.33,156.0,16.34,62.0,24.5,23.0,24.51,18.0,67.7,5.0,68.21,60.0
2021-09-28 09:34:52.861362-04:00,34.99,19.0,35.06,21.0,18.31,455.0,18.32,275.0,16.65,1038.0,16.66,349.0,52.0,72.0,52.09,72.0,16.33,156.0,16.34,62.0,24.5,23.0,24.51,18.0,67.7,5.0,68.21,60.0
2021-09-28 09:34:52.861362-04:00,34.99,19.0,35.06,21.0,18.31,455.0,18.32,275.0,16.65,1038.0,16.66,349.0,52.0,72.0,52.09,72.0,16.33,156.0,16.34,62.0,24.5,40.0,24.51,24.0,67.7,5.0,68.21,60.0
2021-09-28 09:34:52.861362-04:00,34.99,19.0,35.06,21.0,18.31,455.0,18.32,275.0,16.66,1188.0,16.67,1960.0,52.0,72.0,52.09,72.0,16.33,156.0,16.34,62.0,24.5,40.0,24.51,24.0,67.7,5.0,68.21,60.0
2021-09-28 09:35:03.884894-04:00,34.99,57.0,35.06,1.0,18.31,455.0,18.32,275.0,16.66,1188.0,16.67,1960.0,52.0,72.0,52.09,72.0,16.33,156.0,16.34,62.0,24.5,40.0,24.51,24.0,67.7,5.0,68.21,60.0
2021-09-28 09:35:03.884894-04:00,34.99,57.0,35.06,1.0,18.31,455.0,18.32,275.0,16.66,1188.0,16.67,1960.0,52.0,72.0,52.09,72.0,16.33,173.0,16.34,59.0,24.5,40.0,24.51,24.0,67.7,5.0,68.21,60.0
2021-09-28 09:35:03.884894-04:00,34.99,57.0,35.06,1.0,18.31,1021.0,18.32,16.0,16.66,1188.0,16.67,1960.0,52.0,72.0,52.09,72.0,16.33,173.0,16.34,59.0,24.5,40.0,24.51,24.0,67.7,5.0,68.21,60.0
2021-09-28 09:35:03.884894-04:00,34.99,57.0,35.06,1.0,18.31,1021.0,18.32,16.0,16.66,1188.0,16.67,1960.0,52.0,72.0,52.09,72.0,16.33,172.0,16.34,59.0,24.5,25.0,24.51,24.0,67.7,5.0,68.21,60.0
2021-09-28 09:35:03.884894-04:00,34.99,57.0,35.06,1.0,18.31,1021.0,18.32,16.0,16.66,1188.0,16.67,1960.0,52.01,92.0,52.09,72.0,16.33,172.0,16.34,59.0,24.5,25.0,24.51,24.0,67.7,5.0,68.21,60.0
2021-09-28 09:35:03.884894-04:00,34.99,57.0,35.06,1.0,18.31,455.0,18.32,561.0,16.66,1188.0,16.67,1960.0,52.01,92.0,52.09,72.0,16.33,172.0,16.34,59.0,24.5,25.0,24.51,24.0,67.7,5.0,68.21,60.0
2021-09-28 09:35:03.884894-04:00,34.99,57.0,35.06,1.0,18.31,455.0,18.32,561.0,16.66,198.0,16.66,101.0,52.01,92.0,52.09,72.0,16.33,172.0,16.34,59.0,24.5,25.0,24.51,24.0,67.7,5.0,68.21,60.0
2021-09-28 09:35:03.884894-04:00,34.99,57.0,35.06,1.0,18.31,455.0,18.32,561.0,16.66,198.0,16.66,101.0,52.01,38.0,52.09,18.0,16.33,172.0,16.34,59.0,24.5,25.0,24.51,24.0,67.7,5.0,68.21,60.0
2021-09-28 09:35:03.884894-04:00,34.99,57.0,35.06,1.0,18.31,455.0,18.32,561.0,16.66,198.0,16.66,201.0,52.01,38.0,52.09,18.0,16.33,172.0,16.34,59.0,24.5,25.0,24.51,24.0,67.7,5.0,68.21,60.0
2021-09-28 09:35:25.080225-04:00,34.99,19.0,35.06,20.0,18.31,455.0,18.32,561.0,16.66,198.0,16.66,201.0,52.01,38.0,52.09,18.0,16.33,172.0,16.34,59.0,24.5,25.0,24.51,24.0,67.7,5.0,68.21,60.0
2021-09-28 09:35:25.080225-04:00,34.99,19.0,35.06,20.0,18.31,455.0,18.32,180.0,16.66,198.0,16.66,201.0,52.01,38.0,52.09,18.0,16.33,172.0,16.34,59.0,24.5,25.0,24.51,24.0,67.7,5.0,68.21,60.0
2021-09-28 09:35:25.080225-04:00,34.99,19.0,35.06,20.0,18.31,455.0,18.32,180.0,16.66,198.0,16.66,201.0,52.01,38.0,52.1,90.0,16.33,172.0,16.34,59.0,24.5,25.0,24.51,24.0,67.7,5.0,68.21,60.0
2021-09-28 09:35:29.656987-04:00,34.98,57.0,35.06,20.0,18.31,455.0,18.32,180.0,16.66,198.0,16.66,201.0,52.01,38.0,52.1,90.0,16.33,172.0,16.34,59.0,24.5,25.0,24.51,24.0,67.7,5.0,68.21,60.0
2021-09-28 09:35:29.656987-04:00,34.98,57.0,35.06,20.0,18.31,455.0,18.32,180.0,16.65,2044.0,16.66,468.0,52.01,38.0,52.1,90.0,16.33,172.0,16.34,59.0,24.5,25.0,24.51,24.0,67.7,5.0,68.21,60.0
2021-09-28 09:35:29.656987-04:00,34.98,57.0,35.06,20.0,18.31,747.0,18.32,180.0,16.65,2044.0,16.66,468.0,52.01,38.0,52.1,90.0,16.33,172.0,16.34,59.0,24.5,25.0,24.51,24.0,67.7,5.0,68.21,60.0
2021-09-28 09:35:29.656987-04:00,34.98,57.0,35.06,20.0,18.31,747.0,18.32,180.0,16.65,2044.0,16.66,468.0,52.01,38.0,52.1,90.0,16.33,172.0,16.34,59.0,24.5,25.0,24.51,24.0,67.71,5.0,68.21,60.0
2021-09-28 09:35:29.656987-04:00,34.98,57.0,35.06,20.0,18.31,747.0,18.32,180.0,16.65,2044.0,16.66,468.0,52.01,74.0,52.08,18.0,16.33,172.0,16.34,59.0,24.5,25.0,24.51,24.0,67.71,5.0,68.21,60.0
2021-09-28 09:35:29.656987-04:00,34.98,57.0,35.06,20.0,18.31,747.0,18.32,180.0,16.65,2044.0,16.66,468.0,52.01,74.0,52.08,18.0,16.33,172.0,16.34,59.0,24.5,11.0,24.51,31.0,67.71,5.0,68.21,60.0
2021-09-28 09:35:29.656987-04:00,34.98,57.0,35.06,20.0,18.31,982.0,18.32,137.0,16.65,2044.0,16.66,468.0,52.01,74.0,52.08,18.0,16.33,172.0,16.34,59.0,24.5,11.0,24.51,31.0,67.71,5.0,68.21,60.0
2021-09-28 09:35:29.656987-04:00,34.98,57.0,35.06,20.0,18.31,982.0,18.32,137.0,16.66,1217.0,16.67,2197.0,52.01,74.0,52.08,18.0,16.33,172.0,16.34,59.0,24.5,11.0,24.51,31.0,67.71,5.0,68.21,60.0
2021-09-28 09:35:47.014581-04:00,35.0,19.0,35.07,59.0,18.31,982.0,18.32,137.0,16.66,1217.0,16.67,2197.0,52.01,74.0,52.08,18.0,16.33,172.0,16.34,59.0,24.5,11.0,24.51,31.0,67.71,5.0,68.21,60.0
2021-09-28 09:35:47.014581-04:00,35.0,19.0,35.07,59.0,18.31,982.0,18.32,137.0,16.66,1217.0,16.67,2197.0,52.01,74.0,52.08,18.0,16.33,178.0,16.34,56.0,24.5,11.0,24.51,31.0,67.71,5.0,68.21,60.0
2021-09-28 09:35:47.014581-04:00,35.0,19.0,35.07,59.0,18.31,982.0,18.32,137.0,16.66,1217.0,16.67,2197.0,52.01,74.0,52.08,18.0,16.33,178.0,16.34,56.0,24.5,11.0,24.51,31.0,67.72,25.0,68.21,60.0
2021-09-28 09:35:47.014581-04:00,35.0,19.0,35.07,59.0,18.31,982.0,18.32,137.0,16.66,1217.0,16.67,2197.0,52.01,74.0,52.08,18.0,16.33,178.0,16.34,56.0,24.49,60.0,24.51,129.0,67.72,25.0,68.21,60.0
2021-09-28 09:35:47.014581-04:00,35.0,19.0,35.07,59.0,18.31,982.0,18.32,137.0,16.66,1217.0,16.67,2197.0,52.01,74.0,52.08,18.0,16.32,93.0,16.33,12.0,24.49,60.0,24.51,129.0,67.72,25.0,68.21,60.0
2021-09-28 09:35:56.511192-04:00,34.97,57.0,35.05,59.0,18.31,982.0,18.32,137.0,16.66,1217.0,16.67,2197.0,52.03,19.0,52.11,36.0,16.32,93.0,16.33,12.0,24.49,60.0,24.51,129.0,67.72,25.0,68.21,60.0
2021-09-28 09:35:56.511192-04:00,34.97,57.0,35.05,59.0,18.31,982.0,18.32,137.0,16.65,1851.0,16.66,1500.0,52.03,19.0,52.11,36.0,16.32,93.0,16.33,12.0,24.49,60.0,24.51,129.0,67.72,25.0,68.21,60.0
2021-09-28 09:35:56.511192-04:00,34.97,57.0,35.05,59.0,18.3,662.0,18.31,11.0,16.65,1851.0,16.66,1500.0,52.03,19.0,52.11,36.0,16.32,93.0,16.33,12.0,24.49,60.0,24.51,129.0,67.72,25.0,68.21,60.0
2021-09-28 09:35:56.511192-04:00,34.97,57.0,35.05,59.0,18.3,662.0,18.31,11.0,16.65,1851.0,16.66,1500.0,52.03,19.0,52.11,36.0,16.32,93.0,16.33,12.0,24.49,63.0,24.51,129.0,67.72,25.0,68.21,60.0
2021-09-28 09:35:56.511192-04:00,34.97,57.0,35.05,59.0,18.3,662.0,18.31,11.0,16.65,1851.0,16.66,1500.0,52.03,19.0,52.11,36.0,16.32,110.0,16.34,72.0,24.49,63.0,24.51,129.0,67.72,25.0,68.21,60.0
2021-09-28 09:35:56.511192-04:00,34.97,57.0,35.05,59.0,18.3,662.0,18.31,11.0,16.65,1851.0,16.66,1500.0,52.02,38.0,52.1,90.0,16.32,110.0,16.34,72.0,24.49,63.0,24.51,129.0,67.72,25.0,68.21,60.0
2021-09-28 09:36:09.984170-04:00,34.98,38.0,35.06,78.0,18.31,546.0,18.32,458.0,16.65,2037.0,16.66,872.0,52.02,38.0,52.1,90.0,16.32,110.0,16.34,72.0,24.49,63.0,24.51,129.0,67.72,25.0,68.21,60.0
2021-09-28 09:36:09.984170-04:00,34.98,38.0,35.06,78.0,18.31,546.0,18.32,458.0,16.65,2037.0,16.66,872.0,52.02,38.0,52.1,90.0,16.32,110.0,16.33,13.0,24.49,63.0,24.51,129.0,67.72,25.0,68.21,60.0
2021-09-28 09:36:09.984170-04:00,34.98,38.0,35.06,78.0,18.31,546.0,18.32,458.0,16.65,2037.0,16.66,872.0,52.02,1.0,52.09,90.0,16.32,110.0,16.33,13.0,24.49,63.0,24.51,129.0,67.72,25.0,68.21,60.0
2021-09-28 09:36:09.984170-04:00,34.98,38.0,35.06,78.0,18.31,1187.0,18.32,31.0,16.65,2037.0,16.66,872.0,52.02,1.0,52.09,90.0,16.32,110.0,16.33,13.0,24.49,63.0,24.51,129.0,67.72,25.0,68.21,60.0
2021-09-28 09:36:09.984170-04:00,34.98,38.0,35.06,78.0,18.31,1187.0,18.32,31.0,16.66,1188.0,16.67,1217.0,52.02,1.0,52.09,90.0,16.32,110.0,16.33,13.0,24.49,63.0,24.51,129.0,67.72,25.0,68.21,60.0
2021-09-28 09:36:17.052272-04:00,34.99,38.0,35.06,2.0,18.31,1187.0,18.32,31.0,16.66,1188.0,16.67,1217.0,52.02,1.0,52.09,90.0,16.32,110.0,16.33,13.0,24.49,63.0,24.51,129.0,67.72,25.0,68.21,60.0
2021-09-28 09:36:17.052272-04:00,34.99,38.0,35.06,2.0,18.31,1187.0,18.32,31.0,16.66,1188.0,16.67,1217.0,52.02,1.0,52.09,90.0,16.32,110.0,16.34,77.0,24.49,63.0,24.51,153.0,67.54,5.0,68.21,60.0
2021-09-28 09:36:17.052272-04:00,34.99,38.0,35.06,2.0,18.31,1187.0,18.32,31.0,16.66,1827.0,16.67,1212.0,52.02,1.0,52.09,90.0,16.32,110.0,16.34,77.0,24.49,63.0,24.51,153.0,67.54,5.0,68.21,60.0
2021-09-28 09:36:23.323505-04:00,35.01,38.0,35.09,96.0,18.31,1187.0,18.32,31.0,16.66,1827.0,16.67,1212.0,52.02,1.0,52.09,90.0,16.32,110.0,16.34,77.0,24.49,63.0,24.51,153.0,67.54,5.0,68.21,60.0
2021-09-28 09:36:23.323505-04:00,35.01,38.0,35.09,96.0,18.31,1187.0,18.32,31.0,16.66,1827.0,16.67,1212.0,51.99,19.0,52.07,90.0,16.32,110.0,16.34,77.0,24.49,63.0,24.51,153.0,67.54,5.0,68.21,60.0
2021-09-28 09:36:23.323505-04:00,35.01,38.0,35.09,96.0,18.32,273.0,18.33,553.0,16.66,1827.0,16.67,1212.0,51.99,19.0,52.07,90.0,16.32,110.0,16.34,77.0,24.49,63.0,24.51,153.0,67.54,5.0,68.21,60.0
2021-09-28 09:36:23.323505-04:00,35.01,38.0,35.09,96.0,18.32,273.0,18.33,553.0,16.66,1827.0,16.67,1212.0,51.99,1.0,52.07,90.0,16.32,110.0,16.34,77.0,24.49,63.0,24.51,153.0,67.54,5.0,68.21,60.0
2021-09-28 09:36:23.323505-04:00,35.01,38.0,35.09,96.0,18.32,273.0,18.33,553.0,16.66,1798.0,16.67,2030.0,51.99,1.0,52.07,90.0,16.32,110.0,16.34,77.0,24.49,63.0,24.51,153.0,67.54,5.0,68.21,60.0
2021-09-28 09:36:36.708719-04:00,35.01,38.0,35.09,97.0,18.32,273.0,18.33,553.0,16.66,1798.0,16.67,2030.0,51.99,1.0,52.07,90.0,16.32,110.0,16.34,77.0,24.49,63.0,24.51,153.0,67.54,5.0,68.21,60.0
2021-09-28 09:36:36.708719-04:00,35.01,38.0,35.09,97.0,18.32,273.0,18.33,553.0,16.66,1798.0,16.67,2030.0,51.99,1.0,52.07,90.0,16.33,185.0,16.34,77.0,24.49,63.0,24.51,153.0,67.54,5.0,68.21,60.0
2021-09-28 09:36:36.708719-04:00,35.01,38.0,35.09,97.0,18.32,273.0,18.33,553.0,16.66,1798.0,16.67,2030.0,51.99,1.0,52.07,90.0,16.33,185.0,16.34,77.0,24.5,20.0,24.51,24.0,67.54,5.0,68.21,60.0
2021-09-28 09:36:36.708719-04:00,35.01,38.0,35.09,97.0,18.32,908.0,18.33,384.0,16.66,1798.0,16.67,2030.0,51.99,1.0,52.07,90.0,16.33,185.0,16.34,77.0,24.5,20.0,24.51,24.0,67.54,5.0,68.21,60.0
2021-09-28 09:36:36.708719-04:00,35.01,38.0,35.09,97.0,18.32,908.0,18.33,384.0,16.66,1798.0,16.67,2030.0,51.99,1.0,52.07,90.0,16.33,185.0,16.34,77.0,24.5,20.0,24.51,24.0,67.55,10.0,68.21,60.0
2021-09-28 09:36:36.708719-04:00,35.01,38.0,35.09,97.0,18.32,908.0,18.33,384.0,16.66,1798.0,16.67,2030.0,51.96,90.0,52.04,90.0,16.33,152.0,16.34,13.0,24.5,57.0,24.52,162.0,67.55,10.0,68.21,60.0
2021-09-28 09:36:50.141804-04:00,35.04,95.0,35.12,95.0,18.32,908.0,18.33,384.0,16.66,1798.0,16.67,2030.0,51.96,90.0,52.04,90.0,16.33,152.0,16.34,13.0,24.5,57.0,24.52,162.0,67.55,10.0,68.21,60.0
2021-09-28 09:36:50.141804-04:00,35.04,95.0,35.12,95.0,18.33,144.0,18.33,1.0,16.66,1990.0,16.67,827.0,51.96,90.0,52.04,90.0,16.33,152.0,16.34,13.0,24.5,57.0,24.52,162.0,67.55,10.0,68.21,60.0
2021-09-28 09:36:50.141804-04:00,35.04,95.0,35.12,95.0,18.33,144.0,18.33,1.0,16.66,1990.0,16.67,827.0,51.96,90.0,52.04,90.0,16.33,152.0,16.34,14.0,24.5,57.0,24.52,162.0,67.55,10.0,68.21,60.0
2021-09-28 09:36:50.141804-04:00,35.04,95.0,35.12,95.0,18.33,144.0,18.33,1.0,16.66,1990.0,16.67,824.0,51.96,90.0,52.04,90.0,16.33,152.0,16.34,14.0,24.5,57.0,24.52,162.0,67.55,10.0,68.21,60.0
2021-09-28 09:36:50.141804-04:00,35.04,95.0,35.12,95.0,18.33,77.0,18.33,1.0,16.66,1990.0,16.67,824.0,51.96,90.0,52.04,90.0,16.33,152.0,16.34,14.0,24.5,57.0,24.52,162.0,67.55,10.0,68.21,60.0
2021-09-28 09:36:50.141804-04:00,35.04,95.0,35.12,95.0,18.33,77.0,18.33,1.0,16.66,1990.0,16.67,824.0,51.96,90.0,52.04,90.0,16.33,152.0,16.34,14.0,24.5,57.0,24.52,162.0,67.56,10.0,68.21,60.0
2021-09-28 09:36:50.141804-04:00,35.04,95.0,35.12,95.0,18.33,77.0,18.33,1.0,16.66,1990.0,16.67,824.0,51.96,36.0,52.04,90.0,16.33,152.0,16.34,14.0,24.5,57.0,24.52,162.0,67.56,10.0,68.21,60.0
2021-09-28 09:36:50.141804-04:00,35.04,95.0,35.12,95.0,18.33,77.0,18.33,1.0,16.66,1990.0,16.67,824.0,51.96,36.0,52.04,90.0,16.33,153.0,16.34,10.0,24.5,57.0,24.52,162.0,67.56,10.0,68.21,60.0
2021-09-28 09:36:50.141804-04:00,35.04,95.0,35.12,95.0,18.32,869.0,18.33,1.0,16.66,1990.0,16.67,824.0,51.96,36.0,52.04,90.0,16.33,153.0,16.34,10.0,24.5,59.0,24.52,162.0,67.56,10.0,68.21,60.0
2021-09-28 09:37:06.899000-04:00,35.04,38.0,35.11,19.0,18.32,869.0,18.33,1.0,16.66,1990.0,16.67,824.0,51.96,36.0,52.04,90.0,16.33,153.0,16.34,10.0,24.5,59.0,24.52,162.0,67.56,10.0,68.21,60.0
2021-09-28 09:37:06.899000-04:00,35.04,38.0,35.11,19.0,18.32,869.0,18.33,1.0,16.66,1990.0,16.67,762.0,51.96,36.0,52.04,90.0,16.33,153.0,16.34,10.0,24.5,59.0,24.52,162.0,67.56,10.0,68.21,60.0
2021-09-28 09:37:06.899000-04:00,35.04,38.0,35.11,19.0,18.32,869.0,18.33,1.0,16.66,1990.0,16.67,762.0,51.95,90.0,52.03,72.0,16.33,153.0,16.35,55.0,24.5,59.0,24.52,162.0,67.56,10.0,68.21,60.0
2021-09-28 09:37:17.075792-04:00,35.05,19.0,35.12,114.0,18.32,869.0,18.33,1.0,16.67,168.0,16.67,171.0,51.95,90.0,52.03,72.0,16.33,153.0,16.35,55.0,24.5,59.0,24.52,162.0,67.6,10.0,68.21,60.0
2021-09-28 09:37:17.075792-04:00,35.05,19.0,35.12,114.0,18.33,838.0,18.34,409.0,16.67,168.0,16.67,171.0,51.95,90.0,52.03,72.0,16.33,153.0,16.35,55.0,24.5,59.0,24.52,162.0,67.6,10.0,68.21,60.0
2021-09-28 09:37:17.075792-04:00,35.05,19.0,35.12,114.0,18.33,838.0,18.34,409.0,16.67,168.0,16.67,171.0,51.95,90.0,52.03,72.0,16.33,153.0,16.35,55.0,24.5,55.0,24.52,162.0,67.6,10.0,68.21,60.0
2021-09-28 09:37:17.075792-04:00,35.05,19.0,35.12,114.0,18.33,838.0,18.34,409.0,16.67,168.0,16.67,171.0,51.95,90.0,52.03,72.0,16.33,153.0,16.35,55.0,24.5,55.0,24.52,162.0,67.68,10.0,68.21,60.0
2021-09-28 09:37:17.075792-04:00,35.05,19.0,35.12,114.0,18.33,838.0,18.34,409.0,16.67,168.0,16.67,171.0,51.98,90.0,52.06,18.0,16.33,153.0,16.35,55.0,24.5,55.0,24.52,162.0,67.68,10.0,68.21,60.0
2021-09-28 09:37:17.075792-04:00,35.05,19.0,35.12,114.0,18.33,838.0,18.34,409.0,16.67,168.0,16.67,171.0,51.98,90.0,52.06,18.0,16.33,153.0,16.34,10.0,24.5,55.0,24.52,162.0,67.68,10.0,68.21,60.0
2021-09-28 09:37:17.075792-04:00,35.05,19.0,35.12,114.0,18.32,534.0,18.33,479.0,16.67,168.0,16.67,171.0,51.98,90.0,52.06,18.0,16.33,153.0,16.34,10.0,24.5,55.0,24.52,162.0,67.68,10.0,68.21,60.0
2021-09-28 09:37:25.932113-04:00,35.02,19.0,35.09,38.0,18.32,534.0,18.33,479.0,16.67,168.0,16.67,171.0,51.98,90.0,52.06,18.0,16.33,153.0,16.34,10.0,24.5,55.0,24.52,162.0,67.68,10.0,68.21,60.0
2021-09-28 09:37:25.932113-04:00,35.02,19.0,35.09,38.0,18.32,534.0,18.33,479.0,16.66,1608.0,16.67,1619.0,51.98,90.0,52.06,18.0,16.33,153.0,16.34,10.0,24.5,55.0,24.52,162.0,67.68,10.0,68.21,60.0
2021-09-28 09:37:25.932113-04:00,35.02,19.0,35.09,38.0,18.32,534.0,18.33,479.0,16.66,1608.0,16.67,1619.0,51.97,72.0,52.06,90.0,16.33,153.0,16.34,10.0,24.5,55.0,24.52,162.0,67.68,10.0,68.21,60.0
2021-09-28 09:37:32.016845-04:00,35.02,76.0,35.1,114.0,18.32,534.0,18.33,479.0,16.66,1608.0,16.67,1619.0,51.97,72.0,52.06,90.0,16.33,153.0,16.34,10.0,24.5,55.0,24.52,162.0,67.68,10.0,68.21,60.0
2021-09-28 09:37:32.016845-04:00,35.02,76.0,35.1,114.0,18.32,534.0,18.33,479.0,16.66,1944.0,16.67,1619.0,51.97,72.0,52.06,90.0,16.33,153.0,16.34,10.0,24.5,55.0,24.52,162.0,67.68,10.0,68.21,60.0
2021-09-28 09:37:32.016845-04:00,35.02,76.0,35.1,114.0,18.32,534.0,18.33,479.0,16.66,1944.0,16.67,1619.0,51.97,72.0,52.06,90.0,16.33,153.0,16.34,6.0,24.5,55.0,24.52,162.0,67.68,10.0,68.21,60.0
2021-09-28 09:37:32.016845-04:00,35.02,76.0,35.1,114.0,18.32,793.0,18.34,711.0,16.66,1944.0,16.67,1619.0,51.97,72.0,52.06,90.0,16.33,153.0,16.34,6.0,24.5,55.0,24.52,162.0,67.68,10.0,68.21,60.0
2021-09-28 09:37:32.016845-04:00,35.02,76.0,35.1,114.0,18.32,793.0,18.34,711.0,16.66,1944.0,16.67,1619.0,51.97,72.0,52.06,90.0,16.33,153.0,16.34,8.0,24.5,55.0,24.52,162.0,67.68,15.0,68.21,60.0
2021-09-28 09:37:32.016845-04:00,35.02,76.0,35.1,114.0,18.32,870.0,18.33,1.0,16.66,2112.0,16.67,1619.0,51.98,18.0,52.06,90.0,16.33,153.0,16.34,8.0,24.5,55.0,24.52,162.0,67.68,15.0,68.21,60.0
2021-09-28 09:37:32.016845-04:00,35.02,76.0,35.1,114.0,18.32,870.0,18.33,1.0,16.66,2112.0,16.67,1619.0,51.98,18.0,52.06,90.0,16.33,153.0,16.34,8.0,24.5,59.0,24.52,162.0,67.68,15.0,68.21,60.0
2021-09-28 09:37:57.555567-04:00,35.03,76.0,35.11,114.0,18.33,367.0,18.34,521.0,16.66,1944.0,16.67,942.0,51.97,36.0,52.05,72.0,16.33,153.0,16.34,12.0,24.5,59.0,24.52,162.0,67.68,15.0,68.21,60.0
2021-09-28 09:37:57.555567-04:00,35.03,76.0,35.11,114.0,18.33,367.0,18.34,521.0,16.66,1944.0,16.67,942.0,51.97,36.0,52.05,72.0,16.33,153.0,16.34,9.0,24.5,59.0,24.52,162.0,67.68,15.0,68.21,60.0
2021-09-28 09:37:57.555567-04:00,35.03,76.0,35.11,114.0,18.33,367.0,18.34,521.0,16.66,1944.0,16.67,942.0,51.97,36.0,52.05,72.0,16.33,153.0,16.34,9.0,24.5,57.0,24.52,162.0,67.68,15.0,68.21,60.0
2021-09-28 09:37:57.555567-04:00,35.03,76.0,35.11,114.0,18.32,662.0,18.34,708.0,16.66,1944.0,16.67,942.0,51.97,36.0,52.05,72.0,16.33,153.0,16.34,9.0,24.5,57.0,24.52,162.0,67.68,15.0,68.21,60.0
2021-09-28 09:37:57.555567-04:00,35.03,76.0,35.11,114.0,18.32,662.0,18.34,708.0,16.66,1944.0,16.67,942.0,51.97,18.0,52.05,72.0,16.33,153.0,16.34,9.0,24.5,57.0,24.52,162.0,67.68,15.0,68.21,60.0
2021-09-28 09:38:06.954437-04:00,35.03,19.0,35.11,114.0,18.32,662.0,18.34,708.0,16.66,1944.0,16.67,942.0,51.97,18.0,52.05,72.0,16.33,153.0,16.34,9.0,24.5,57.0,24.52,162.0,67.68,15.0,68.21,60.0
2021-09-28 09:38:06.954437-04:00,35.03,19.0,35.11,114.0,18.32,662.0,18.34,708.0,16.66,1776.0,16.67,1715.0,51.97,18.0,52.05,72.0,16.33,153.0,16.34,9.0,24.5,57.0,24.52,162.0,67.68,15.0,68.21,60.0
2021-09-28 09:38:16.975643-04:00,35.04,114.0,35.11,113.0,18.32,662.0,18.34,708.0,16.66,1776.0,16.67,1715.0,51.97,18.0,52.05,72.0,16.33,153.0,16.34,9.0,24.5,57.0,24.52,162.0,67.68,15.0,68.21,60.0
2021-09-28 09:38:16.975643-04:00,35.04,114.0,35.11,113.0,18.32,662.0,18.34,708.0,16.66,1776.0,16.67,1715.0,51.96,90.0,52.04,90.0,16.33,153.0,16.34,9.0,24.5,57.0,24.52,162.0,67.68,15.0,68.21,60.0
2021-09-28 09:38:16.975643-04:00,35.04,114.0,35.11,113.0,18.32,662.0,18.34,708.0,16.66,1944.0,16.67,1051.0,51.96,90.0,52.04,90.0,16.33,153.0,16.34,9.0,24.5,57.0,24.52,162.0,67.68,15.0,68.21,60.0
2021-09-28 09:38:16.975643-04:00,35.04,114.0,35.11,113.0,18.33,497.0,18.34,545.0,16.66,1944.0,16.67,1051.0,51.96,90.0,52.04,90.0,16.33,153.0,16.34,9.0,24.5,57.0,24.52,162.0,67.68,15.0,68.21,60.0
2021-09-28 09:38:18.980283-04:00,35.04,114.0,35.12,21.0,18.33,497.0,18.34,545.0,16.66,1944.0,16.67,1051.0,51.96,90.0,52.04,90.0,16.33,153.0,16.34,9.0,24.5,57.0,24.52,162.0,67.68,15.0,68.21,60.0
2021-09-28 09:38:18.980283-04:00,35.04,114.0,35.12,21.0,18.33,497.0,18.34,545.0,16.66,1944.0,16.67,1051.0,51.95,18.0,52.03,90.0,16.33,153.0,16.34,9.0,24.5,57.0,24.52,162.0,67.68,15.0,68.21,60.0
2021-09-28 09:38:18.980283-04:00,35.04,114.0,35.12,21.0,18.33,497.0,18.34,545.0,16.66,1944.0,16.67,1051.0,51.95,18.0,52.03,90.0,16.33,153.0,16.34,10.0,24.5,57.0,24.52,162.0,67.68,15.0,68.21,60.0
2021-09-28 09:38:18.980283-04:00,35.04,114.0,35.12,21.0,18.33,497.0,18.34,545.0,16.66,1944.0,16.67,846.0,51.95,18.0,52.03,90.0,16.33,153.0,16.34,10.0,24.5,57.0,24.52,162.0,67.68,15.0,68.21,60.0
2021-09-28 09:38:18.980283-04:00,35.04,114.0,35.12,21.0,18.33,905.0,18.34,387.0,16.66,1944.0,16.67,846.0,51.95,18.0,52.03,90.0,16.33,153.0,16.34,10.0,24.5,57.0,24.52,162.0,67.68,15.0,68.21,60.0
2021-09-28 09:38:37.590529-04:00,35.05,114.0,35.12,2.0,18.33,905.0,18.34,387.0,16.66,1944.0,16.67,846.0,51.94,90.0,52.02,90.0,16.33,153.0,16.34,10.0,24.5,57.0,24.52,162.0,67.68,15.0,68.21,60.0
2021-09-28 09:38:37.590529-04:00,35.05,114.0,35.12,2.0,18.33,770.0,18.35,705.0,16.66,1944.0,16.67,846.0,51.94,90.0,52.02,90.0,16.33,153.0,16.34,10.0,24.5,57.0,24.52,162.0,67.68,15.0,68.21,60.0
2021-09-28 09:38:37.590529-04:00,35.05,114.0,35.12,2.0,18.33,770.0,18.35,705.0,16.66,1944.0,16.67,846.0,51.94,90.0,52.02,90.0,16.33,153.0,16.34,7.0,24.5,57.0,24.52,162.0,67.68,15.0,68.21,60.0
2021-09-28 09:38:37.590529-04:00,35.05,114.0,35.12,2.0,18.33,770.0,18.35,705.0,16.66,1944.0,16.67,846.0,51.94,90.0,52.02,90.0,16.33,153.0,16.34,7.0,24.5,57.0,24.52,162.0,67.69,5.0,68.21,60.0
2021-09-28 09:38:37.590529-04:00,35.05,114.0,35.12,2.0,18.33,770.0,18.35,705.0,16.67,912.0,16.68,1799.0,51.94,90.0,52.02,90.0,16.33,153.0,16.34,7.0,24.5,57.0,24.52,162.0,67.69,5.0,68.21,60.0
2021-09-28 09:38:37.590529-04:00,35.05,114.0,35.12,2.0,18.33,770.0,18.35,705.0,16.67,912.0,16.68,1799.0,51.95,90.0,52.04,90.0,16.33,153.0,16.34,7.0,24.5,57.0,24.52,162.0,67.69,5.0,68.21,60.0
2021-09-28 09:38:46.050966-04:00,35.04,38.0,35.12,78.0,18.33,770.0,18.35,705.0,16.67,912.0,16.68,1799.0,51.95,90.0,52.04,90.0,16.33,153.0,16.34,7.0,24.5,57.0,24.52,162.0,67.69,5.0,68.21,60.0
2021-09-28 09:38:46.050966-04:00,35.04,38.0,35.12,78.0,18.33,770.0,18.35,705.0,16.66,2121.0,16.67,1343.0,51.95,90.0,52.04,90.0,16.33,153.0,16.34,7.0,24.5,57.0,24.52,162.0,67.69,5.0,68.21,60.0
2021-09-28 09:38:46.050966-04:00,35.04,38.0,35.12,78.0,18.33,829.0,18.34,635.0,16.66,2121.0,16.67,1343.0,51.95,90.0,52.04,90.0,16.33,153.0,16.34,7.0,24.5,57.0,24.52,162.0,67.69,5.0,68.21,60.0
2021-09-28 09:38:51.029597-04:00,35.05,114.0,35.12,2.0,18.33,1123.0,18.35,645.0,16.66,2121.0,16.67,1343.0,51.94,90.0,52.02,18.0,16.33,153.0,16.34,13.0,24.5,57.0,24.52,162.0,67.68,15.0,68.21,60.0
2021-09-28 09:38:51.029597-04:00,35.05,114.0,35.12,2.0,18.33,1123.0,18.35,645.0,16.67,1048.0,16.68,1341.0,51.94,90.0,52.02,18.0,16.33,153.0,16.34,13.0,24.5,57.0,24.52,162.0,67.68,15.0,68.21,60.0
2021-09-28 09:38:51.029597-04:00,35.05,114.0,35.12,2.0,18.33,1123.0,18.35,645.0,16.67,1048.0,16.68,1341.0,51.94,90.0,52.02,18.0,16.33,153.0,16.34,13.0,24.5,57.0,24.52,162.0,67.67,10.0,68.21,60.0
2021-09-28 09:39:04.433760-04:00,35.05,114.0,35.12,2.0,18.33,1123.0,18.35,645.0,16.67,1048.0,16.68,1341.0,51.94,90.0,52.02,18.0,16.34,167.0,16.35,50.0,24.5,57.0,24.52,162.0,67.67,10.0,68.21,60.0
2021-09-28 09:39:04.433760-04:00,35.05,114.0,35.12,2.0,18.33,1123.0,18.35,645.0,16.67,1939.0,16.68,1099.0,51.94,90.0,52.02,18.0,16.34,167.0,16.35,50.0,24.5,57.0,24.52,162.0,67.67,10.0,68.21,60.0
2021-09-28 09:39:05.856953-04:00,35.08,96.0,35.16,57.0,18.33,1123.0,18.35,645.0,16.67,1939.0,16.68,1099.0,51.94,90.0,52.02,18.0,16.34,167.0,16.35,50.0,24.5,57.0,24.52,162.0,67.67,10.0,68.21,60.0
2021-09-28 09:39:05.856953-04:00,35.08,96.0,35.16,57.0,18.33,1123.0,18.35,645.0,16.67,1939.0,16.68,1099.0,51.94,90.0,52.02,18.0,16.34,167.0,16.35,50.0,24.5,59.0,24.52,169.0,67.67,10.0,68.21,60.0
2021-09-28 09:39:05.856953-04:00,35.08,96.0,35.16,57.0,18.34,933.0,18.35,16.0,16.67,1939.0,16.68,1099.0,51.94,90.0,52.02,18.0,16.34,167.0,16.35,50.0,24.5,59.0,24.52,169.0,67.67,10.0,68.21,60.0
2021-09-28 09:39:05.856953-04:00,35.08,96.0,35.16,57.0,18.34,933.0,18.35,16.0,16.67,1939.0,16.68,1099.0,51.91,90.0,52.0,90.0,16.34,167.0,16.35,50.0,24.5,59.0,24.52,169.0,67.67,10.0,68.21,60.0
2021-09-28 09:39:05.856953-04:00,35.08,96.0,35.16,57.0,18.34,933.0,18.35,16.0,16.67,1939.0,16.68,1099.0,51.91,90.0,52.0,90.0,16.34,167.0,16.35,50.0,24.5,59.0,24.52,169.0,67.63,5.0,68.21,60.0
2021-09-28 09:39:09.862247-04:00,35.09,95.0,35.17,114.0,18.34,933.0,18.35,16.0,16.67,1939.0,16.68,1099.0,51.91,90.0,52.0,90.0,16.34,167.0,16.35,50.0,24.5,59.0,24.52,169.0,67.63,5.0,68.21,60.0
2021-09-28 09:39:09.862247-04:00,35.09,95.0,35.17,114.0,18.34,933.0,18.35,16.0,16.67,1939.0,16.68,1099.0,51.9,90.0,51.98,72.0,16.34,167.0,16.35,50.0,24.5,59.0,24.52,169.0,67.63,5.0,68.21,60.0
2021-09-28 09:39:09.862247-04:00,35.09,95.0,35.17,114.0,18.34,933.0,18.35,16.0,16.67,1939.0,16.68,1099.0,51.9,90.0,51.98,72.0,16.34,151.0,16.35,16.0,24.5,59.0,24.52,169.0,67.63,5.0,68.21,60.0
2021-09-28 09:39:09.862247-04:00,35.09,95.0,35.17,114.0,18.34,933.0,18.35,16.0,16.67,1939.0,16.68,1099.0,51.9,90.0,51.98,72.0,16.34,151.0,16.35,16.0,24.51,11.0,24.52,23.0,67.63,5.0,68.21,60.0
2021-09-28 09:39:17.850888-04:00,35.09,95.0,35.17,114.0,18.35,342.0,18.36,611.0,16.67,1939.0,16.68,1099.0,51.9,90.0,51.98,72.0,16.34,151.0,16.35,16.0,24.51,11.0,24.52,23.0,67.63,5.0,68.21,60.0
2021-09-28 09:39:17.850888-04:00,35.09,95.0,35.17,114.0,18.35,342.0,18.36,611.0,16.67,2151.0,16.68,1294.0,51.9,90.0,51.98,72.0,16.34,151.0,16.35,16.0,24.51,11.0,24.52,23.0,67.63,5.0,68.21,60.0
2021-09-28 09:39:22.856503-04:00,35.08,95.0,35.16,114.0,18.35,342.0,18.36,611.0,16.67,2151.0,16.68,1294.0,51.9,90.0,51.98,72.0,16.34,151.0,16.35,16.0,24.51,11.0,24.52,23.0,67.63,5.0,68.21,60.0
2021-09-28 09:39:22.856503-04:00,35.08,95.0,35.16,114.0,18.35,342.0,18.36,611.0,16.67,2151.0,16.68,1294.0,51.9,90.0,51.98,72.0,16.34,156.0,16.35,61.0,24.51,11.0,24.52,23.0,67.63,5.0,68.21,60.0
2021-09-28 09:39:22.856503-04:00,35.08,95.0,35.16,114.0,18.35,342.0,18.36,611.0,16.67,2151.0,16.68,1294.0,51.91,90.0,51.99,18.0,16.34,156.0,16.35,61.0,24.5,60.0,24.52,149.0,67.63,5.0,68.21,60.0
2021-09-28 09:39:22.856503-04:00,35.08,95.0,35.16,114.0,18.34,1188.0,18.35,294.0,16.67,2151.0,16.68,1294.0,51.91,90.0,51.99,18.0,16.34,156.0,16.35,61.0,24.5,60.0,24.52,149.0,67.63,5.0,68.21,60.0
2021-09-28 09:39:22.856503-04:00,35.08,95.0,35.16,114.0,18.34,1188.0,18.35,294.0,16.67,2143.0,16.68,1749.0,51.91,90.0,51.99,18.0,16.34,156.0,16.35,61.0,24.5,60.0,24.52,149.0,67.63,5.0,68.21,60.0
2021-09-28 09:39:22.856503-04:00,35.08,95.0,35.16,114.0,18.34,1188.0,18.35,294.0,16.67,1931.0,16.68,2172.0,51.91,90.0,51.99,18.0,16.34,156.0,16.35,61.0,24.5,60.0,24.52,149.0,67.63,5.0,68.21,60.0
2021-09-28 09:39:22.856503-04:00,35.08,95.0,35.16,114.0,18.34,1188.0,18.35,294.0,16.67,1931.0,16.68,2172.0,51.91,90.0,51.99,18.0,16.34,175.0,16.35,61.0,24.5,60.0,24.52,149.0,67.63,5.0,68.21,60.0
2021-09-28 09:39:35.883674-04:00,35.06,76.0,35.14,95.0,18.34,1188.0,18.35,294.0,16.67,1931.0,16.68,2172.0,51.91,90.0,51.99,18.0,16.34,175.0,16.35,61.0,24.5,60.0,24.52,149.0,67.63,5.0,68.21,60.0
2021-09-28 09:39:35.883674-04:00,35.06,76.0,35.14,95.0,18.33,820.0,18.35,877.0,16.67,1931.0,16.68,2172.0,51.91,90.0,51.99,18.0,16.34,175.0,16.35,61.0,24.5,60.0,24.52,149.0,67.63,5.0,68.21,60.0
2021-09-28 09:39:35.883674-04:00,35.06,76.0,35.14,95.0,18.33,820.0,18.35,877.0,16.67,1931.0,16.68,2172.0,51.94,18.0,52.02,90.0,16.34,175.0,16.35,61.0,24.5,60.0,24.52,149.0,67.63,5.0,68.21,60.0
2021-09-28 09:39:35.883674-04:00,35.06,76.0,35.14,95.0,18.33,820.0,18.35,877.0,16.67,1931.0,16.68,2172.0,51.94,18.0,52.02,90.0,16.33,84.0,16.35,64.0,24.5,60.0,24.52,149.0,67.63,5.0,68.21,60.0
2021-09-28 09:39:35.883674-04:00,35.06,76.0,35.14,95.0,18.33,820.0,18.35,877.0,16.67,1931.0,16.68,2172.0,51.94,18.0,52.02,90.0,16.33,84.0,16.35,64.0,24.5,60.0,24.52,149.0,67.63,15.0,68.21,60.0
2021-09-28 09:39:35.883674-04:00,35.06,76.0,35.14,95.0,18.33,820.0,18.35,877.0,16.67,1931.0,16.68,2172.0,51.94,18.0,52.02,90.0,16.33,84.0,16.35,64.0,24.5,60.0,24.52,138.0,67.63,15.0,68.21,60.0
2021-09-28 09:39:35.883674-04:00,35.06,76.0,35.14,95.0,18.33,1040.0,18.35,666.0,16.67,1931.0,16.68,2172.0,51.94,18.0,52.02,90.0,16.33,84.0,16.35,64.0,24.5,60.0,24.52,138.0,67.63,15.0,68.21,60.0
2021-09-28 09:39:35.883674-04:00,35.06,76.0,35.14,95.0,18.33,1040.0,18.35,666.0,16.67,1931.0,16.68,2172.0,51.94,90.0,52.02,18.0,16.33,84.0,16.35,64.0,24.5,60.0,24.52,138.0,67.63,15.0,68.21,60.0
2021-09-28 09:39:44.670183-04:00,35.05,114.0,35.13,95.0,18.33,1040.0,18.35,666.0,16.67,1931.0,16.68,2172.0,51.94,90.0,52.02,18.0,16.33,84.0,16.35,64.0,24.5,60.0,24.52,138.0,67.63,15.0,68.21,60.0
2021-09-28 09:39:44.670183-04:00,35.05,114.0,35.13,95.0,18.33,1040.0,18.35,666.0,16.67,1367.0,16.68,2172.0,51.94,90.0,52.02,18.0,16.33,84.0,16.35,64.0,24.5,60.0,24.52,138.0,67.63,15.0,68.21,60.0
2021-09-28 09:39:52.007566-04:00,35.06,114.0,35.14,95.0,18.33,1040.0,18.35,666.0,16.67,1367.0,16.68,2172.0,51.94,90.0,52.02,18.0,16.33,84.0,16.35,64.0,24.5,60.0,24.52,138.0,67.63,15.0,68.21,60.0
2021-09-28 09:39:52.007566-04:00,35.06,114.0,35.14,95.0,18.33,1040.0,18.35,666.0,16.67,1953.0,16.68,2172.0,51.94,90.0,52.02,18.0,16.33,84.0,16.35,64.0,24.5,60.0,24.52,138.0,67.63,15.0,68.21,60.0
2021-09-28 09:39:52.007566-04:00,35.06,114.0,35.14,95.0,18.33,1040.0,18.35,666.0,16.67,1953.0,16.68,2172.0,51.94,18.0,52.02,90.0,16.33,84.0,16.35,64.0,24.5,60.0,24.52,138.0,67.63,15.0,68.21,60.0
2021-09-28 09:39:52.007566-04:00,35.06,114.0,35.14,95.0,18.34,2.0,18.35,657.0,16.67,1953.0,16.68,2172.0,51.94,18.0,52.02,90.0,16.33,84.0,16.35,64.0,24.5,60.0,24.52,138.0,67.63,15.0,68.21,60.0
2021-09-28 09:39:52.007566-04:00,35.06,114.0,35.14,95.0,18.34,908.0,18.35,321.0,16.67,1953.0,16.68,2172.0,51.94,18.0,52.02,90.0,16.33,84.0,16.35,64.0,24.5,60.0,24.52,138.0,67.63,15.0,68.21,60.0
2021-09-28 09:39:52.007566-04:00,35.06,114.0,35.14,95.0,18.34,908.0,18.35,321.0,16.67,1953.0,16.68,2172.0,51.94,18.0,52.02,90.0,16.33,84.0,16.35,64.0,24.5,60.0,24.52,138.0,67.66,10.0,68.21,60.0
2021-09-28 09:39:52.007566-04:00,35.06,114.0,35.14,95.0,18.34,908.0,18.35,321.0,16.67,1953.0,16.68,2172.0,51.88,90.0,51.99,72.0,16.33,84.0,16.35,64.0,24.5,60.0,24.52,138.0,67.66,10.0,68.21,60.0
2021-09-28 09:39:52.007566-04:00,35.06,114.0,35.14,95.0,18.34,908.0,18.35,321.0,16.67,2357.0,16.68,2336.0,51.88,90.0,51.99,72.0,16.33,84.0,16.35,64.0,24.5,60.0,24.52,138.0,67.66,10.0,68.21,60.0
2021-09-28 09:40:06.959590-04:00,35.09,19.0,35.14,185.0,18.34,908.0,18.35,321.0,16.67,2357.0,16.68,2336.0,51.88,90.0,51.99,72.0,16.33,84.0,16.35,64.0,24.5,60.0,24.52,138.0,67.66,10.0,68.21,60.0
2021-09-28 09:40:06.959590-04:00,35.09,19.0,35.14,185.0,18.34,908.0,18.35,321.0,16.67,2357.0,16.68,2336.0,51.88,90.0,51.99,72.0,16.34,159.0,16.35,67.0,24.5,60.0,24.52,138.0,67.66,10.0,68.21,60.0
2021-09-28 09:40:06.959590-04:00,35.09,19.0,35.14,185.0,18.34,908.0,18.35,321.0,16.67,2357.0,16.68,2336.0,51.88,90.0,51.99,72.0,16.34,159.0,16.35,67.0,24.5,60.0,24.52,143.0,67.66,10.0,68.21,60.0
2021-09-28 09:40:06.959590-04:00,35.09,19.0,35.14,185.0,18.34,908.0,18.35,321.0,16.67,2145.0,16.68,1722.0,51.88,90.0,51.99,72.0,16.34,159.0,16.35,67.0,24.5,60.0,24.52,143.0,67.66,10.0,68.21,60.0
2021-09-28 09:40:06.959590-04:00,35.09,19.0,35.14,185.0,18.34,610.0,18.35,2.0,16.67,2145.0,16.68,1722.0,51.88,90.0,51.99,72.0,16.34,159.0,16.35,67.0,24.5,60.0,24.52,143.0,67.66,10.0,68.21,60.0
2021-09-28 09:40:06.959590-04:00,35.09,19.0,35.14,185.0,18.34,610.0,18.35,2.0,16.67,2145.0,16.68,1722.0,51.93,90.0,51.99,72.0,16.34,159.0,16.35,67.0,24.5,60.0,24.52,143.0,67.66,10.0,68.21,60.0
2021-09-28 09:40:13.972839-04:00,35.1,26.0,35.14,19.0,18.34,610.0,18.35,2.0,16.67,2145.0,16.68,1722.0,51.93,90.0,51.99,72.0,16.34,159.0,16.35,67.0,24.5,60.0,24.52,143.0,67.66,10.0,68.21,60.0
2021-09-28 09:40:18.982445-04:00,35.1,64.0,35.15,114.0,18.34,610.0,18.35,2.0,16.67,2145.0,16.68,1722.0,51.93,90.0,51.99,72.0,16.34,159.0,16.35,67.0,24.5,60.0,24.52,143.0,67.66,10.0,68.21,60.0
2021-09-28 09:40:18.982445-04:00,35.1,64.0,35.15,114.0,18.34,610.0,18.35,2.0,16.67,2145.0,16.68,1722.0,51.92,90.0,51.97,60.0,16.34,159.0,16.35,67.0,24.5,60.0,24.52,143.0,67.66,10.0,68.21,60.0
2021-09-28 09:40:18.982445-04:00,35.1,64.0,35.15,114.0,18.34,610.0,18.35,2.0,16.67,2569.0,16.68,1725.0,51.92,90.0,51.97,60.0,16.34,159.0,16.35,67.0,24.5,60.0,24.52,143.0,67.66,10.0,68.21,60.0
2021-09-28 09:40:18.982445-04:00,35.1,64.0,35.15,114.0,18.35,61.0,18.36,668.0,16.67,2569.0,16.68,1725.0,51.92,90.0,51.97,60.0,16.34,159.0,16.35,67.0,24.5,60.0,24.52,143.0,67.66,10.0,68.21,60.0
2021-09-28 09:40:18.982445-04:00,35.1,64.0,35.15,114.0,18.35,299.0,18.36,684.0,16.67,2569.0,16.68,1725.0,51.92,90.0,51.97,60.0,16.34,159.0,16.35,67.0,24.5,60.0,24.52,143.0,67.66,10.0,68.21,60.0
2021-09-28 09:40:18.982445-04:00,35.1,64.0,35.15,114.0,18.35,299.0,18.36,684.0,16.67,2569.0,16.68,1725.0,51.92,90.0,51.97,102.0,16.34,103.0,16.35,67.0,24.5,60.0,24.52,143.0,67.66,10.0,68.21,60.0
2021-09-28 09:40:18.982445-04:00,35.1,64.0,35.15,114.0,18.35,299.0,18.36,684.0,16.67,2569.0,16.68,1712.0,51.92,90.0,51.97,102.0,16.34,103.0,16.35,67.0,24.5,60.0,24.52,143.0,67.66,10.0,68.21,60.0
2021-09-28 09:40:38.441419-04:00,35.11,109.0,35.15,113.0,18.35,299.0,18.36,684.0,16.67,2569.0,16.68,1712.0,51.92,90.0,51.97,102.0,16.34,103.0,16.35,67.0,24.5,60.0,24.52,143.0,67.66,10.0,68.21,60.0
2021-09-28 09:40:38.441419-04:00,35.11,109.0,35.15,113.0,18.35,299.0,18.36,684.0,16.67,2569.0,16.68,1712.0,51.91,54.0,51.97,102.0,16.34,103.0,16.35,67.0,24.5,60.0,24.52,143.0,67.66,10.0,68.21,60.0
2021-09-28 09:40:45.873549-04:00,35.11,102.0,35.16,114.0,18.35,299.0,18.36,684.0,16.67,2569.0,16.68,1712.0,51.91,54.0,51.97,102.0,16.34,103.0,16.35,67.0,24.5,60.0,24.52,143.0,67.66,10.0,68.21,60.0
2021-09-28 09:40:45.873549-04:00,35.11,102.0,35.16,114.0,18.35,544.0,18.36,396.0,16.67,2569.0,16.68,1712.0,51.91,54.0,51.97,102.0,16.34,103.0,16.35,67.0,24.5,60.0,24.52,143.0,67.66,10.0,68.21,60.0
2021-09-28 09:40:45.873549-04:00,35.11,102.0,35.16,114.0,18.35,544.0,18.36,396.0,16.67,2357.0,16.68,1310.0,51.91,54.0,51.97,102.0,16.34,103.0,16.35,67.0,24.5,60.0,24.52,143.0,67.66,10.0,68.21,60.0
2021-09-28 09:40:45.873549-04:00,35.11,102.0,35.16,114.0,18.35,544.0,18.36,396.0,16.67,2357.0,16.68,1310.0,51.91,54.0,51.97,102.0,16.34,103.0,16.35,67.0,24.5,60.0,24.52,143.0,67.67,10.0,68.21,60.0
2021-09-28 09:40:45.873549-04:00,35.11,102.0,35.16,114.0,18.35,544.0,18.36,396.0,16.67,2357.0,16.68,1310.0,51.91,54.0,51.97,102.0,16.33,109.0,16.35,64.0,24.5,60.0,24.52,143.0,67.67,10.0,68.21,60.0
2021-09-28 09:40:45.873549-04:00,35.11,102.0,35.16,114.0,18.35,544.0,18.36,396.0,16.67,2357.0,16.68,1310.0,51.91,54.0,51.97,102.0,16.33,109.0,16.35,64.0,24.5,60.0,24.52,160.0,67.67,10.0,68.21,60.0
2021-09-28 09:40:45.873549-04:00,35.11,102.0,35.16,114.0,18.34,1007.0,18.35,98.0,16.67,2357.0,16.68,1310.0,51.91,54.0,51.97,102.0,16.33,109.0,16.35,64.0,24.5,60.0,24.52,160.0,67.67,10.0,68.21,60.0
2021-09-28 09:40:56.046352-04:00,35.09,64.0,35.14,95.0,18.34,1007.0,18.35,98.0,16.67,2357.0,16.68,1310.0,51.93,90.0,51.98,66.0,16.33,109.0,16.35,64.0,24.5,60.0,24.52,160.0,67.67,10.0,68.21,60.0
2021-09-28 09:40:56.046352-04:00,35.09,64.0,35.14,95.0,18.34,1007.0,18.35,98.0,16.67,2145.0,16.68,1683.0,51.93,90.0,51.98,66.0,16.33,109.0,16.35,64.0,24.5,60.0,24.52,160.0,67.67,10.0,68.21,60.0
2021-09-28 09:41:06.066561-04:00,35.08,97.0,35.12,19.0,18.34,1007.0,18.35,98.0,16.67,2145.0,16.68,1683.0,51.93,90.0,51.98,66.0,16.33,109.0,16.35,64.0,24.5,60.0,24.52,160.0,67.67,10.0,68.21,60.0
2021-09-28 09:41:06.066561-04:00,35.08,97.0,35.12,19.0,18.34,1007.0,18.35,98.0,16.67,2011.0,16.68,2333.0,51.93,90.0,51.98,66.0,16.33,109.0,16.35,64.0,24.5,60.0,24.52,160.0,67.67,10.0,68.21,60.0
2021-09-28 09:41:06.066561-04:00,35.08,97.0,35.12,19.0,18.34,368.0,18.35,464.0,16.67,2011.0,16.68,2333.0,51.93,90.0,51.98,66.0,16.33,109.0,16.35,64.0,24.5,60.0,24.52,160.0,67.67,10.0,68.21,60.0
2021-09-28 09:41:06.066561-04:00,35.08,97.0,35.12,19.0,18.34,368.0,18.35,464.0,16.67,2011.0,16.68,2333.0,51.95,90.0,51.99,20.0,16.33,109.0,16.35,64.0,24.5,60.0,24.52,160.0,67.68,5.0,68.21,60.0
2021-09-28 09:41:06.066561-04:00,35.08,97.0,35.12,19.0,18.34,368.0,18.35,464.0,16.67,2011.0,16.68,2333.0,51.95,90.0,51.99,20.0,16.33,122.0,16.34,44.0,24.5,60.0,24.52,160.0,67.68,5.0,68.21,60.0
2021-09-28 09:41:06.066561-04:00,35.08,97.0,35.12,19.0,18.34,368.0,18.35,464.0,16.67,2011.0,16.68,2333.0,51.95,90.0,51.99,20.0,16.33,122.0,16.34,44.0,24.5,69.0,24.52,160.0,67.68,5.0,68.21,60.0
2021-09-28 09:41:06.066561-04:00,35.08,97.0,35.12,19.0,18.33,992.0,18.34,110.0,16.67,2011.0,16.68,2333.0,51.95,90.0,51.99,20.0,16.33,122.0,16.34,44.0,24.5,69.0,24.52,160.0,67.68,5.0,68.21,60.0
2021-09-28 09:41:06.066561-04:00,35.08,97.0,35.12,19.0,18.33,992.0,18.34,110.0,16.67,2011.0,16.68,2333.0,51.96,90.0,52.01,90.0,16.33,122.0,16.34,44.0,24.5,69.0,24.52,160.0,67.68,5.0,68.21,60.0
2021-09-28 09:41:18.813482-04:00,35.07,19.0,35.11,101.0,18.33,992.0,18.34,110.0,16.67,2011.0,16.68,2333.0,51.96,90.0,52.01,90.0,16.33,122.0,16.34,44.0,24.5,69.0,24.52,160.0,67.68,15.0,68.11,24.0
2021-09-28 09:41:18.813482-04:00,35.07,19.0,35.11,101.0,18.33,992.0,18.34,110.0,16.67,2011.0,16.68,2333.0,51.96,90.0,52.01,90.0,16.33,124.0,16.34,7.0,24.5,69.0,24.52,160.0,67.68,15.0,68.11,24.0
2021-09-28 09:41:18.813482-04:00,35.07,19.0,35.11,101.0,18.33,992.0,18.34,110.0,16.67,1630.0,16.68,2333.0,51.96,90.0,52.01,90.0,16.33,124.0,16.34,7.0,24.5,64.0,24.52,160.0,67.68,15.0,68.11,24.0
2021-09-28 09:41:18.813482-04:00,35.07,19.0,35.11,101.0,18.33,992.0,18.34,110.0,16.67,1630.0,16.68,2333.0,51.96,90.0,52.01,90.0,16.33,124.0,16.34,20.0,24.5,64.0,24.52,160.0,67.68,15.0,68.11,24.0
2021-09-28 09:41:18.813482-04:00,35.07,19.0,35.11,101.0,18.33,967.0,18.34,208.0,16.67,1630.0,16.68,2333.0,51.96,90.0,52.01,90.0,16.33,124.0,16.34,20.0,24.5,64.0,24.52,160.0,67.68,15.0,68.11,24.0
2021-09-28 09:41:18.813482-04:00,35.07,19.0,35.11,101.0,18.33,967.0,18.34,208.0,16.67,1312.0,16.68,2133.0,51.96,90.0,52.01,90.0,16.33,124.0,16.34,20.0,24.5,64.0,24.52,160.0,67.68,15.0,68.11,24.0
2021-09-28 09:41:33.874215-04:00,35.08,76.0,35.12,95.0,18.33,967.0,18.34,208.0,16.67,1312.0,16.68,2133.0,51.96,90.0,52.01,90.0,16.33,124.0,16.34,20.0,24.5,64.0,24.52,160.0,67.68,15.0,68.11,24.0
2021-09-28 09:41:33.874215-04:00,35.08,76.0,35.12,95.0,18.33,967.0,18.34,208.0,16.67,1312.0,16.68,2133.0,51.95,90.0,52.0,90.0,16.33,124.0,16.34,20.0,24.5,64.0,24.52,160.0,67.68,15.0,68.11,24.0
2021-09-28 09:41:33.874215-04:00,35.08,76.0,35.12,95.0,18.33,967.0,18.34,208.0,16.67,1312.0,16.68,2133.0,51.95,90.0,52.0,90.0,16.33,127.0,16.34,32.0,24.5,64.0,24.52,160.0,67.68,15.0,68.11,24.0
2021-09-28 09:41:33.874215-04:00,35.08,76.0,35.12,95.0,18.33,1415.0,18.34,2.0,16.67,1312.0,16.68,2133.0,51.95,90.0,52.0,90.0,16.33,127.0,16.34,32.0,24.5,64.0,24.52,160.0,67.68,15.0,68.11,24.0
2021-09-28 09:41:33.874215-04:00,35.08,76.0,35.12,95.0,18.33,1415.0,18.34,2.0,16.67,1578.0,16.68,2121.0,51.95,90.0,52.0,90.0,16.33,127.0,16.34,32.0,24.5,64.0,24.52,160.0,67.68,15.0,68.11,24.0
2021-09-28 09:41:33.874215-04:00,35.08,76.0,35.12,95.0,18.33,1415.0,18.34,2.0,16.67,1578.0,16.68,2121.0,51.95,90.0,52.0,90.0,16.33,127.0,16.34,32.0,24.5,64.0,24.52,160.0,67.69,15.0,68.11,24.0
2021-09-28 09:41:33.874215-04:00,35.08,76.0,35.12,95.0,18.33,1415.0,18.34,2.0,16.67,1578.0,16.68,2121.0,51.95,90.0,52.0,90.0,16.33,124.0,16.34,7.0,24.5,64.0,24.52,160.0,67.69,15.0,68.11,24.0
2021-09-28 09:41:45.960899-04:00,35.06,114.0,35.11,82.0,18.33,1415.0,18.34,2.0,16.67,1578.0,16.68,2121.0,51.96,78.0,52.01,36.0,16.33,124.0,16.34,7.0,24.5,64.0,24.52,160.0,67.69,15.0,68.11,24.0
2021-09-28 09:41:45.960899-04:00,35.06,114.0,35.11,82.0,18.33,1151.0,18.34,11.0,16.67,1578.0,16.68,2121.0,51.96,78.0,52.01,36.0,16.33,124.0,16.34,7.0,24.5,64.0,24.52,160.0,67.69,15.0,68.11,24.0
2021-09-28 09:41:45.960899-04:00,35.06,114.0,35.11,82.0,18.33,1151.0,18.34,11.0,16.67,1020.0,16.68,2333.0,51.96,78.0,52.01,36.0,16.33,124.0,16.34,7.0,24.5,64.0,24.52,160.0,67.69,15.0,68.11,24.0
2021-09-28 09:41:45.960899-04:00,35.06,114.0,35.11,82.0,18.33,1151.0,18.34,11.0,16.67,1020.0,16.68,2333.0,51.96,78.0,52.01,36.0,16.33,124.0,16.34,7.0,24.5,64.0,24.52,160.0,67.69,5.0,68.11,24.0
2021-09-28 09:41:45.960899-04:00,35.06,114.0,35.11,82.0,18.33,1151.0,18.34,11.0,16.67,1020.0,16.68,2333.0,51.96,78.0,52.01,36.0,16.33,127.0,16.34,7.0,24.5,64.0,24.52,160.0,67.69,5.0,68.11,24.0
2021-09-28 09:41:55.012698-04:00,35.07,57.0,35.12,95.0,18.33,1151.0,18.34,11.0,16.67,1020.0,16.68,2333.0,51.96,78.0,52.01,36.0,16.33,127.0,16.34,7.0,24.5,64.0,24.52,160.0,67.69,5.0,68.11,24.0
2021-09-28 09:41:55.012698-04:00,35.07,57.0,35.12,95.0,18.33,1151.0,18.34,11.0,16.67,1020.0,16.68,2333.0,51.95,90.0,52.01,90.0,16.33,127.0,16.34,7.0,24.5,64.0,24.52,160.0,67.69,5.0,68.11,24.0
2021-09-28 09:41:55.012698-04:00,35.07,57.0,35.12,95.0,18.33,1112.0,18.34,2.0,16.67,1020.0,16.68,2333.0,51.95,90.0,52.01,90.0,16.33,127.0,16.34,7.0,24.5,64.0,24.52,160.0,67.69,5.0,68.11,24.0
2021-09-28 09:41:55.012698-04:00,35.07,57.0,35.12,95.0,18.33,1112.0,18.34,2.0,16.67,1266.0,16.68,2345.0,51.95,90.0,52.01,90.0,16.33,127.0,16.34,7.0,24.5,64.0,24.52,160.0,67.69,5.0,68.11,24.0
2021-09-28 09:41:55.012698-04:00,35.07,57.0,35.12,95.0,18.33,1112.0,18.34,2.0,16.67,1266.0,16.68,2345.0,51.95,90.0,52.01,90.0,16.33,127.0,16.34,7.0,24.5,58.0,24.52,160.0,67.69,5.0,68.11,24.0
2021-09-28 09:41:55.012698-04:00,35.07,57.0,35.12,95.0,18.33,1051.0,18.34,72.0,16.67,1266.0,16.68,2345.0,51.95,90.0,52.01,90.0,16.33,127.0,16.34,7.0,24.5,58.0,24.52,160.0,67.69,5.0,68.11,24.0
2021-09-28 09:41:55.012698-04:00,35.07,57.0,35.12,95.0,18.33,1051.0,18.34,72.0,16.67,909.0,16.68,2225.0,51.95,90.0,52.01,90.0,16.33,127.0,16.34,7.0,24.5,58.0,24.52,160.0,67.69,5.0,68.11,24.0
2021-09-28 09:42:07.037549-04:00,35.07,19.0,35.11,145.0,18.33,1051.0,18.34,72.0,16.67,909.0,16.68,2225.0,51.95,90.0,52.01,90.0,16.33,127.0,16.34,7.0,24.5,58.0,24.52,160.0,67.69,5.0,68.11,24.0
2021-09-28 09:42:07.037549-04:00,35.07,19.0,35.11,145.0,18.33,1051.0,18.34,72.0,16.67,909.0,16.68,2225.0,51.96,116.0,52.01,90.0,16.33,127.0,16.34,7.0,24.5,58.0,24.52,160.0,67.69,5.0,68.11,24.0
2021-09-28 09:42:07.037549-04:00,35.07,19.0,35.11,145.0,18.33,1051.0,18.34,72.0,16.67,909.0,16.68,2225.0,51.96,116.0,52.01,90.0,16.33,124.0,16.34,41.0,24.5,58.0,24.52,160.0,67.69,5.0,68.11,24.0
2021-09-28 09:42:17.056761-04:00,35.07,19.0,35.11,84.0,18.33,1046.0,18.34,13.0,16.67,909.0,16.68,2225.0,51.96,116.0,52.01,90.0,16.33,124.0,16.34,41.0,24.5,58.0,24.52,160.0,67.69,5.0,68.11,24.0
2021-09-28 09:42:17.056761-04:00,35.07,19.0,35.11,84.0,18.33,1046.0,18.34,13.0,16.67,909.0,16.68,2225.0,51.96,94.0,52.01,90.0,16.33,124.0,16.34,41.0,24.5,58.0,24.52,160.0,67.69,5.0,68.11,24.0
2021-09-28 09:42:17.056761-04:00,35.07,19.0,35.11,84.0,18.33,1046.0,18.34,13.0,16.67,909.0,16.68,2225.0,51.96,94.0,52.01,90.0,16.33,124.0,16.34,41.0,24.5,58.0,24.52,160.0,67.69,15.0,68.11,24.0
2021-09-28 09:42:25.904108-04:00,35.06,38.0,35.11,80.0,18.33,1046.0,18.34,13.0,16.67,909.0,16.68,2225.0,51.96,90.0,52.01,18.0,16.33,124.0,16.34,41.0,24.5,58.0,24.52,160.0,67.69,15.0,68.11,24.0
2021-09-28 09:42:25.904108-04:00,35.06,38.0,35.11,80.0,18.33,1100.0,18.34,272.0,16.67,909.0,16.68,2225.0,51.96,90.0,52.01,18.0,16.33,124.0,16.34,41.0,24.5,58.0,24.52,160.0,67.69,15.0,68.11,24.0
2021-09-28 09:42:25.904108-04:00,35.06,38.0,35.11,80.0,18.33,1100.0,18.34,272.0,16.67,24.0,16.68,2060.0,51.96,90.0,52.01,18.0,16.33,124.0,16.34,41.0,24.5,58.0,24.52,160.0,67.69,15.0,68.11,24.0
2021-09-28 09:42:39.291317-04:00,35.06,95.0,35.11,76.0,18.33,1100.0,18.34,272.0,16.67,24.0,16.68,2060.0,51.96,90.0,52.01,18.0,16.33,124.0,16.34,41.0,24.5,58.0,24.52,160.0,67.69,15.0,68.11,24.0
2021-09-28 09:42:39.291317-04:00,35.06,95.0,35.11,76.0,18.33,1100.0,18.34,272.0,16.67,24.0,16.68,2060.0,51.96,90.0,52.01,18.0,16.33,105.0,16.34,52.0,24.5,58.0,24.52,160.0,67.69,15.0,68.11,24.0
2021-09-28 09:42:39.291317-04:00,35.06,95.0,35.11,76.0,18.33,1044.0,18.34,230.0,16.67,24.0,16.68,2060.0,51.96,90.0,52.01,18.0,16.33,105.0,16.34,52.0,24.5,58.0,24.52,160.0,67.69,15.0,68.11,24.0
2021-09-28 09:42:39.291317-04:00,35.06,95.0,35.11,76.0,18.33,1044.0,18.34,230.0,16.66,2216.0,16.67,777.0,51.96,90.0,52.01,18.0,16.33,105.0,16.34,52.0,24.5,58.0,24.52,160.0,67.69,15.0,68.11,24.0
2021-09-28 09:42:39.291317-04:00,35.06,95.0,35.11,76.0,18.33,1044.0,18.34,230.0,16.66,2216.0,16.67,777.0,51.96,90.0,52.01,18.0,16.33,105.0,16.34,52.0,24.5,58.0,24.52,160.0,67.63,5.0,68.13,24.0
2021-09-28 09:42:39.291317-04:00,35.06,95.0,35.11,76.0,18.33,1044.0,18.34,230.0,16.66,2216.0,16.67,777.0,51.97,54.0,52.01,36.0,16.33,105.0,16.34,52.0,24.5,58.0,24.52,160.0,67.63,5.0,68.13,24.0
2021-09-28 09:42:39.291317-04:00,35.06,95.0,35.11,76.0,18.33,1044.0,18.34,230.0,16.66,2216.0,16.67,777.0,51.97,54.0,52.01,36.0,16.33,105.0,16.34,52.0,24.5,12.0,24.51,32.0,67.63,5.0,68.13,24.0
2021-09-28 09:42:39.291317-04:00,35.06,95.0,35.11,76.0,18.33,1044.0,18.34,230.0,16.66,2216.0,16.67,777.0,51.97,54.0,52.01,36.0,16.33,76.0,16.34,60.0,24.5,12.0,24.51,32.0,67.63,5.0,68.13,24.0
2021-09-28 09:42:39.291317-04:00,35.06,95.0,35.11,76.0,18.33,1044.0,18.34,230.0,16.66,2216.0,16.67,777.0,51.97,54.0,52.01,36.0,16.33,76.0,16.34,60.0,24.5,9.0,24.51,32.0,67.63,5.0,68.13,24.0
2021-09-28 09:42:39.291317-04:00,35.06,95.0,35.11,76.0,18.33,1060.0,18.34,36.0,16.66,2640.0,16.67,287.0,51.97,54.0,52.01,36.0,16.33,76.0,16.34,60.0,24.5,9.0,24.51,32.0,67.63,5.0,68.13,24.0
2021-09-28 09:42:39.291317-04:00,35.06,95.0,35.11,76.0,18.33,1060.0,18.34,36.0,16.66,2640.0,16.67,287.0,51.96,90.0,52.01,36.0,16.33,76.0,16.34,60.0,24.5,9.0,24.51,32.0,67.63,5.0,68.13,24.0
2021-09-28 09:42:39.291317-04:00,35.06,95.0,35.11,76.0,18.33,1060.0,18.34,36.0,16.66,2640.0,16.67,287.0,51.96,90.0,52.01,36.0,16.32,117.0,16.34,69.0,24.5,9.0,24.51,32.0,67.63,5.0,68.13,24.0
2021-09-28 09:42:39.291317-04:00,35.06,95.0,35.11,76.0,18.33,1157.0,18.34,14.0,16.66,2640.0,16.67,287.0,51.96,90.0,52.01,36.0,16.32,117.0,16.34,69.0,24.5,9.0,24.51,32.0,67.63,5.0,68.13,24.0
2021-09-28 09:42:54.886621-04:00,35.07,95.0,35.12,76.0,18.33,1157.0,18.34,14.0,16.66,2640.0,16.67,287.0,51.96,90.0,52.01,36.0,16.32,117.0,16.34,69.0,24.5,9.0,24.51,32.0,67.63,5.0,68.14,24.0
2021-09-28 09:42:54.886621-04:00,35.07,95.0,35.12,76.0,18.33,1157.0,18.34,14.0,16.66,2640.0,16.67,287.0,51.96,90.0,52.01,36.0,16.32,117.0,16.34,69.0,24.49,74.0,24.51,179.0,67.63,5.0,68.14,24.0
2021-09-28 09:42:54.886621-04:00,35.07,95.0,35.12,76.0,18.33,1157.0,18.34,14.0,16.66,2640.0,16.67,287.0,51.93,18.0,52.0,90.0,16.32,117.0,16.34,69.0,24.49,74.0,24.51,179.0,67.63,5.0,68.14,24.0
2021-09-28 09:42:54.886621-04:00,35.07,95.0,35.12,76.0,18.33,1157.0,18.34,14.0,16.67,1313.0,16.68,2084.0,51.93,18.0,52.0,90.0,16.32,117.0,16.34,69.0,24.49,74.0,24.51,179.0,67.63,5.0,68.14,24.0
2021-09-28 09:42:54.886621-04:00,35.07,95.0,35.12,76.0,18.33,1157.0,18.34,14.0,16.67,1313.0,16.68,2084.0,51.93,18.0,52.0,90.0,16.32,117.0,16.34,69.0,24.49,67.0,24.51,179.0,67.63,5.0,68.14,24.0
2021-09-28 09:42:54.886621-04:00,35.07,95.0,35.12,76.0,18.33,1157.0,18.34,14.0,16.67,1313.0,16.68,2084.0,51.93,18.0,52.0,90.0,16.32,117.0,16.34,69.0,24.49,67.0,24.51,179.0,67.63,6.0,68.13,25.0
2021-09-28 09:42:59.896225-04:00,35.06,95.0,35.11,105.0,18.33,1157.0,18.34,14.0,16.67,1313.0,16.68,2084.0,51.93,18.0,52.0,90.0,16.32,117.0,16.34,69.0,24.49,67.0,24.51,179.0,67.63,6.0,68.13,25.0
2021-09-28 09:42:59.896225-04:00,35.06,95.0,35.11,105.0,18.33,1096.0,18.34,244.0,16.67,1313.0,16.68,2084.0,51.93,18.0,52.0,90.0,16.32,117.0,16.34,69.0,24.49,67.0,24.51,179.0,67.63,6.0,68.13,25.0
2021-09-28 09:42:59.896225-04:00,35.06,95.0,35.11,105.0,18.33,1096.0,18.34,244.0,16.67,1313.0,16.68,2084.0,51.96,76.0,52.02,90.0,16.32,117.0,16.34,69.0,24.49,67.0,24.51,179.0,67.63,6.0,68.13,25.0
2021-09-28 09:42:59.896225-04:00,35.06,95.0,35.11,105.0,18.33,1096.0,18.34,244.0,16.67,272.0,16.68,2223.0,51.96,76.0,52.02,90.0,16.32,117.0,16.34,69.0,24.49,67.0,24.51,179.0,67.63,6.0,68.13,25.0
2021-09-28 09:42:59.896225-04:00,35.06,95.0,35.11,105.0,18.33,1096.0,18.34,244.0,16.67,1112.0,16.68,2122.0,51.96,76.0,52.02,90.0,16.32,117.0,16.34,69.0,24.49,67.0,24.51,179.0,67.63,6.0,68.13,25.0
2021-09-28 09:43:19.443964-04:00,35.07,19.0,35.11,105.0,18.33,1164.0,18.34,127.0,16.67,1112.0,16.68,2122.0,51.96,94.0,52.01,90.0,16.32,117.0,16.34,69.0,24.49,67.0,24.51,179.0,67.63,6.0,68.13,25.0
2021-09-28 09:43:19.443964-04:00,35.07,19.0,35.11,105.0,18.33,1164.0,18.34,127.0,16.67,1112.0,16.68,2122.0,51.96,94.0,52.01,90.0,16.33,31.0,16.34,69.0,24.49,67.0,24.51,179.0,67.63,6.0,68.13,25.0
2021-09-28 09:43:19.443964-04:00,35.07,19.0,35.11,105.0,18.33,1164.0,18.34,127.0,16.67,1112.0,16.68,2122.0,51.96,94.0,52.01,90.0,16.33,31.0,16.34,69.0,24.5,12.0,24.51,87.0,67.63,6.0,68.13,25.0
2021-09-28 09:43:19.443964-04:00,35.07,19.0,35.11,105.0,18.33,1164.0,18.34,127.0,16.67,1601.0,16.68,2098.0,51.96,94.0,52.01,90.0,16.33,31.0,16.34,69.0,24.5,12.0,24.51,87.0,67.63,6.0,68.13,25.0
2021-09-28 09:43:27.031677-04:00,35.08,95.0,35.13,38.0,18.33,1164.0,18.34,127.0,16.67,1601.0,16.68,2098.0,51.96,94.0,52.01,90.0,16.33,31.0,16.34,69.0,24.5,12.0,24.51,87.0,67.63,6.0,68.13,25.0
2021-09-28 09:43:27.031677-04:00,35.08,95.0,35.13,38.0,18.33,1115.0,18.34,114.0,16.67,1601.0,16.68,2098.0,51.96,94.0,52.01,90.0,16.33,31.0,16.34,69.0,24.5,12.0,24.51,87.0,67.63,6.0,68.13,25.0
2021-09-28 09:43:27.031677-04:00,35.08,95.0,35.13,38.0,18.33,1115.0,18.34,114.0,16.67,1601.0,16.68,2098.0,51.94,54.0,52.0,90.0,16.33,31.0,16.34,69.0,24.5,12.0,24.51,87.0,67.63,6.0,68.13,25.0
2021-09-28 09:43:35.047247-04:00,35.08,19.0,35.12,105.0,18.33,1115.0,18.34,114.0,16.67,1601.0,16.68,2098.0,51.94,54.0,52.0,90.0,16.33,31.0,16.34,69.0,24.5,12.0,24.51,87.0,67.63,6.0,68.13,25.0
2021-09-28 09:43:35.047247-04:00,35.08,19.0,35.12,105.0,18.33,1109.0,18.34,114.0,16.67,1601.0,16.68,2098.0,51.94,54.0,52.0,90.0,16.33,31.0,16.34,69.0,24.5,12.0,24.51,87.0,67.63,6.0,68.13,25.0
2021-09-28 09:43:35.047247-04:00,35.08,19.0,35.12,105.0,18.33,1109.0,18.34,114.0,16.67,1601.0,16.68,2098.0,51.94,54.0,52.0,90.0,16.33,31.0,16.34,69.0,24.5,12.0,24.51,87.0,67.67,6.0,68.12,25.0
2021-09-28 09:43:35.047247-04:00,35.08,19.0,35.12,105.0,18.33,1109.0,18.34,114.0,16.67,1601.0,16.68,2098.0,51.95,100.0,52.0,90.0,16.33,31.0,16.34,69.0,24.5,12.0,24.51,87.0,67.67,6.0,68.12,25.0
2021-09-28 09:43:35.047247-04:00,35.08,19.0,35.12,105.0,18.33,1109.0,18.34,114.0,16.67,1601.0,16.68,2098.0,51.95,100.0,52.0,90.0,16.33,34.0,16.34,68.0,24.5,12.0,24.51,87.0,67.67,6.0,68.12,25.0
2021-09-28 09:43:35.047247-04:00,35.08,19.0,35.12,105.0,18.33,1109.0,18.34,114.0,16.67,1601.0,16.68,2098.0,51.95,100.0,52.0,90.0,16.33,34.0,16.34,68.0,24.5,9.0,24.51,62.0,67.67,6.0,68.12,25.0
2021-09-28 09:43:35.047247-04:00,35.08,19.0,35.12,105.0,18.33,1109.0,18.34,114.0,16.67,1676.0,16.68,2098.0,51.95,100.0,52.0,90.0,16.33,34.0,16.34,68.0,24.5,9.0,24.51,62.0,67.67,6.0,68.12,25.0
2021-09-28 09:43:35.047247-04:00,35.08,19.0,35.12,105.0,18.33,1109.0,18.34,114.0,16.67,1676.0,16.68,2098.0,51.95,100.0,52.0,90.0,16.33,34.0,16.34,68.0,24.5,10.0,24.51,21.0,67.67,6.0,68.12,25.0
2021-09-28 09:43:35.047247-04:00,35.08,19.0,35.12,105.0,18.33,1109.0,18.34,114.0,16.67,1676.0,16.68,2098.0,51.95,100.0,52.0,90.0,16.33,29.0,16.34,61.0,24.5,10.0,24.51,21.0,67.67,6.0,68.12,25.0
2021-09-28 09:43:46.215390-04:00,35.07,95.0,35.12,81.0,18.33,1109.0,18.34,114.0,16.67,1676.0,16.68,2098.0,51.95,100.0,52.0,90.0,16.33,29.0,16.34,61.0,24.5,10.0,24.51,21.0,67.67,6.0,68.12,25.0
2021-09-28 09:43:46.215390-04:00,35.07,95.0,35.12,81.0,18.33,1109.0,18.34,114.0,16.67,1676.0,16.68,2098.0,51.96,18.0,52.0,90.0,16.33,29.0,16.34,61.0,24.5,10.0,24.51,21.0,67.67,6.0,68.12,25.0
2021-09-28 09:43:46.215390-04:00,35.07,95.0,35.12,81.0,18.33,1109.0,18.34,114.0,16.67,1767.0,16.68,2310.0,51.96,18.0,52.0,90.0,16.33,29.0,16.34,61.0,24.5,10.0,24.51,21.0,67.67,6.0,68.12,25.0
2021-09-28 09:43:46.215390-04:00,35.07,95.0,35.12,81.0,18.33,1109.0,18.34,114.0,16.67,1767.0,16.68,2310.0,51.96,18.0,52.0,90.0,16.33,29.0,16.34,61.0,24.5,10.0,24.51,21.0,67.7,63.0,68.12,25.0
2021-09-28 09:43:46.215390-04:00,35.07,95.0,35.12,81.0,18.33,1116.0,18.34,118.0,16.67,1767.0,16.68,2310.0,51.96,18.0,52.0,90.0,16.33,29.0,16.34,61.0,24.5,10.0,24.51,21.0,67.7,63.0,68.12,25.0
2021-09-28 09:43:46.215390-04:00,35.07,95.0,35.12,81.0,18.33,1116.0,18.34,118.0,16.67,1767.0,16.68,2310.0,51.96,18.0,52.0,90.0,16.33,29.0,16.34,61.0,24.5,10.0,24.51,21.0,67.7,1.0,68.12,25.0
2021-09-28 09:43:46.215390-04:00,35.07,95.0,35.12,81.0,18.33,1116.0,18.34,118.0,16.67,1767.0,16.68,2310.0,51.96,18.0,52.0,90.0,16.33,110.0,16.34,9.0,24.5,10.0,24.51,21.0,67.7,1.0,68.12,25.0
2021-09-28 09:43:46.215390-04:00,35.07,95.0,35.12,81.0,18.33,1116.0,18.34,118.0,16.67,1767.0,16.68,2310.0,51.96,18.0,52.0,90.0,16.33,110.0,16.34,9.0,24.5,54.0,24.52,143.0,67.7,1.0,68.12,25.0
2021-09-28 09:43:46.215390-04:00,35.07,95.0,35.12,81.0,18.33,1116.0,18.34,118.0,16.67,1825.0,16.68,1699.0,51.96,18.0,52.0,90.0,16.33,110.0,16.34,9.0,24.5,54.0,24.52,143.0,67.7,1.0,68.12,25.0
2021-09-28 09:43:46.215390-04:00,35.07,95.0,35.12,81.0,18.34,103.0,18.35,618.0,16.67,1825.0,16.68,1699.0,51.96,18.0,52.0,90.0,16.33,110.0,16.34,9.0,24.5,54.0,24.52,143.0,67.7,1.0,68.12,25.0
2021-09-28 09:43:59.612569-04:00,35.08,95.0,35.14,94.0,18.34,103.0,18.35,618.0,16.67,1825.0,16.68,1699.0,51.94,32.0,51.99,72.0,16.33,110.0,16.34,9.0,24.5,54.0,24.52,143.0,67.7,1.0,68.12,25.0
2021-09-28 09:43:59.612569-04:00,35.08,95.0,35.14,94.0,18.34,103.0,18.35,618.0,16.67,1825.0,16.68,1699.0,51.94,32.0,51.99,72.0,16.33,110.0,16.34,9.0,24.5,54.0,24.52,143.0,67.7,1.0,68.11,25.0
2021-09-28 09:43:59.612569-04:00,35.08,95.0,35.14,94.0,18.34,103.0,18.35,618.0,16.67,2013.0,16.68,2123.0,51.94,32.0,51.99,72.0,16.33,110.0,16.34,9.0,24.5,54.0,24.52,143.0,67.7,1.0,68.11,25.0
2021-09-28 09:44:06.868173-04:00,35.08,95.0,35.13,57.0,18.34,63.0,18.35,928.0,16.67,2013.0,16.68,2123.0,51.94,32.0,51.99,72.0,16.33,110.0,16.34,9.0,24.5,54.0,24.52,143.0,67.7,1.0,68.11,25.0
2021-09-28 09:44:06.868173-04:00,35.08,95.0,35.13,57.0,18.34,63.0,18.35,928.0,16.67,2013.0,16.68,2123.0,51.95,18.0,52.07,18.0,16.33,110.0,16.34,9.0,24.5,54.0,24.52,143.0,67.7,1.0,68.11,25.0
2021-09-28 09:44:06.868173-04:00,35.08,95.0,35.13,57.0,18.34,63.0,18.35,928.0,16.67,941.0,16.68,2123.0,51.95,18.0,52.07,18.0,16.33,110.0,16.34,9.0,24.5,54.0,24.52,143.0,67.7,1.0,68.11,25.0
2021-09-28 09:44:06.868173-04:00,35.08,95.0,35.13,57.0,18.34,33.0,18.35,933.0,16.67,941.0,16.68,2123.0,51.95,18.0,52.07,18.0,16.33,110.0,16.34,9.0,24.5,54.0,24.52,143.0,67.7,1.0,68.11,25.0
2021-09-28 09:44:13.018725-04:00,35.07,3.0,35.12,19.0,18.34,33.0,18.35,933.0,16.67,941.0,16.68,2123.0,51.95,18.0,52.07,18.0,16.33,110.0,16.34,9.0,24.5,54.0,24.52,143.0,67.7,1.0,68.11,25.0
2021-09-28 09:44:13.018725-04:00,35.07,3.0,35.12,19.0,18.34,33.0,18.35,933.0,16.67,941.0,16.68,2123.0,51.95,18.0,52.07,18.0,16.33,78.0,16.34,22.0,24.5,45.0,24.52,143.0,67.7,1.0,68.11,25.0
2021-09-28 09:44:13.018725-04:00,35.07,3.0,35.12,19.0,18.34,33.0,18.35,933.0,16.67,1045.0,16.68,2061.0,51.95,18.0,52.07,18.0,16.33,78.0,16.34,22.0,24.5,45.0,24.52,143.0,67.7,1.0,68.11,25.0
2021-09-28 09:44:13.018725-04:00,35.07,3.0,35.12,19.0,18.34,33.0,18.35,933.0,16.67,1045.0,16.68,2061.0,51.95,18.0,52.07,18.0,16.33,78.0,16.34,22.0,24.5,45.0,24.52,143.0,67.7,1.0,68.05,5.0
2021-09-28 09:44:26.355069-04:00,35.08,19.0,35.12,76.0,18.34,33.0,18.35,933.0,16.67,1045.0,16.68,2061.0,51.95,108.0,52.02,23.0,16.33,78.0,16.34,22.0,24.5,45.0,24.52,143.0,67.7,1.0,68.05,5.0
2021-09-28 09:44:26.355069-04:00,35.08,19.0,35.12,76.0,18.34,138.0,18.35,929.0,16.67,1045.0,16.68,2061.0,51.95,108.0,52.02,23.0,16.33,78.0,16.34,22.0,24.5,45.0,24.52,143.0,67.7,1.0,68.05,5.0
2021-09-28 09:44:26.355069-04:00,35.08,19.0,35.12,76.0,18.34,138.0,18.35,929.0,16.67,1035.0,16.68,2061.0,51.95,108.0,52.02,23.0,16.33,78.0,16.34,22.0,24.5,45.0,24.52,143.0,67.7,1.0,68.05,5.0
2021-09-28 09:44:31.916201-04:00,35.08,102.0,35.13,95.0,18.34,138.0,18.35,929.0,16.67,1035.0,16.68,2061.0,51.95,108.0,52.02,23.0,16.33,78.0,16.34,22.0,24.5,45.0,24.52,143.0,67.7,1.0,68.05,5.0
2021-09-28 09:44:31.916201-04:00,35.08,102.0,35.13,95.0,18.34,138.0,18.35,929.0,16.67,1035.0,16.68,2061.0,51.95,18.0,52.0,36.0,16.33,78.0,16.34,22.0,24.5,45.0,24.52,143.0,67.7,1.0,68.05,5.0
2021-09-28 09:44:31.916201-04:00,35.08,102.0,35.13,95.0,18.34,202.0,18.35,902.0,16.67,1035.0,16.68,2061.0,51.95,18.0,52.0,36.0,16.33,78.0,16.34,22.0,24.5,45.0,24.52,143.0,67.7,1.0,68.05,5.0
2021-09-28 09:44:41.868593-04:00,35.08,121.0,35.13,95.0,18.34,202.0,18.35,902.0,16.67,1035.0,16.68,2061.0,51.95,18.0,52.0,36.0,16.33,78.0,16.34,22.0,24.5,45.0,24.52,143.0,67.7,1.0,68.05,5.0
2021-09-28 09:44:41.868593-04:00,35.08,121.0,35.13,95.0,18.34,202.0,18.35,902.0,16.67,1834.0,16.68,2061.0,51.95,18.0,52.0,36.0,16.33,78.0,16.34,22.0,24.5,45.0,24.52,143.0,67.7,1.0,68.05,5.0
2021-09-28 09:44:41.868593-04:00,35.08,121.0,35.13,95.0,18.34,202.0,18.35,902.0,16.67,1834.0,16.68,2061.0,51.94,110.0,51.99,6.0,16.33,78.0,16.34,22.0,24.5,45.0,24.52,143.0,67.7,1.0,68.05,5.0
2021-09-28 09:44:41.868593-04:00,35.08,121.0,35.13,95.0,18.34,202.0,18.35,902.0,16.67,1834.0,16.68,2061.0,51.94,110.0,51.99,6.0,16.33,78.0,16.34,24.0,24.5,45.0,24.52,143.0,67.7,1.0,68.05,5.0
2021-09-28 09:44:41.868593-04:00,35.08,121.0,35.13,95.0,18.34,202.0,18.35,902.0,16.67,1834.0,16.68,2061.0,51.94,110.0,51.99,6.0,16.33,78.0,16.34,24.0,24.5,25.0,24.52,143.0,67.7,1.0,68.05,5.0
2021-09-28 09:44:41.868593-04:00,35.08,121.0,35.13,95.0,18.34,191.0,18.35,906.0,16.67,1834.0,16.68,2061.0,51.94,110.0,51.99,6.0,16.33,78.0,16.34,24.0,24.5,25.0,24.52,143.0,67.7,1.0,68.05,5.0
2021-09-28 09:44:41.868593-04:00,35.08,121.0,35.13,95.0,18.34,191.0,18.35,906.0,16.67,1834.0,16.68,2061.0,51.94,110.0,51.99,6.0,16.33,78.0,16.34,24.0,24.5,49.0,24.52,143.0,67.7,1.0,68.05,5.0
2021-09-28 09:44:41.868593-04:00,35.08,121.0,35.13,95.0,18.34,191.0,18.35,906.0,16.67,1834.0,16.68,2061.0,51.94,110.0,51.99,6.0,16.33,78.0,16.34,14.0,24.5,49.0,24.52,143.0,67.7,1.0,68.05,5.0
2021-09-28 09:44:41.868593-04:00,35.08,121.0,35.13,95.0,18.34,191.0,18.35,906.0,16.67,1834.0,16.68,2061.0,51.94,110.0,51.99,6.0,16.33,78.0,16.34,14.0,24.5,49.0,24.52,143.0,67.7,2.0,68.02,3.0
2021-09-28 09:44:56.919353-04:00,35.08,83.0,35.13,95.0,18.34,191.0,18.35,906.0,16.67,1834.0,16.68,2061.0,51.94,110.0,51.99,6.0,16.33,78.0,16.34,14.0,24.5,49.0,24.52,143.0,67.7,2.0,68.02,3.0
2021-09-28 09:44:56.919353-04:00,35.08,83.0,35.13,95.0,18.34,212.0,18.35,813.0,16.67,1834.0,16.68,2061.0,51.94,110.0,51.99,6.0,16.33,78.0,16.34,14.0,24.5,49.0,24.52,143.0,67.7,2.0,68.02,3.0
2021-09-28 09:44:56.919353-04:00,35.08,83.0,35.13,95.0,18.34,212.0,18.35,813.0,16.67,1679.0,16.68,1763.0,51.94,110.0,51.99,6.0,16.33,78.0,16.34,14.0,24.5,49.0,24.52,143.0,67.7,2.0,68.02,3.0
2021-09-28 09:44:56.919353-04:00,35.08,83.0,35.13,95.0,18.34,212.0,18.35,813.0,16.67,1679.0,16.68,1763.0,51.94,64.0,52.0,72.0,16.33,78.0,16.34,14.0,24.5,49.0,24.52,143.0,67.7,2.0,68.02,3.0
2021-09-28 09:44:58.009441-04:00,35.08,83.0,35.13,95.0,18.34,212.0,18.35,813.0,16.67,1679.0,16.68,1763.0,51.94,64.0,52.0,72.0,16.33,78.0,16.34,14.0,24.5,49.0,24.52,143.0,67.7,1.0,68.02,12.0
2021-09-28 09:44:58.009441-04:00,35.08,83.0,35.13,95.0,18.34,212.0,18.35,813.0,16.67,1679.0,16.68,1763.0,51.94,64.0,52.0,72.0,16.33,78.0,16.34,14.0,24.5,78.0,24.52,161.0,67.7,1.0,68.02,12.0
2021-09-28 09:45:07.007380-04:00,35.11,19.0,35.16,120.0,18.34,212.0,18.35,813.0,16.67,1679.0,16.68,1763.0,51.94,64.0,52.0,72.0,16.33,78.0,16.34,14.0,24.5,78.0,24.52,161.0,67.7,1.0,68.02,12.0
2021-09-28 09:45:07.007380-04:00,35.11,19.0,35.16,120.0,18.34,212.0,18.35,813.0,16.67,1679.0,16.68,1763.0,51.94,64.0,52.0,72.0,16.34,115.0,16.35,81.0,24.5,78.0,24.52,161.0,67.7,1.0,68.02,12.0
2021-09-28 09:45:07.007380-04:00,35.11,19.0,35.16,120.0,18.35,140.0,18.36,1126.0,16.67,1679.0,16.68,1763.0,51.94,64.0,52.0,72.0,16.34,115.0,16.35,81.0,24.5,78.0,24.52,161.0,67.7,1.0,68.02,12.0
2021-09-28 09:45:07.007380-04:00,35.11,19.0,35.16,120.0,18.35,140.0,18.36,1126.0,16.67,2545.0,16.68,2501.0,51.94,64.0,52.0,72.0,16.34,115.0,16.35,81.0,24.5,78.0,24.52,161.0,67.7,1.0,68.02,12.0
2021-09-28 09:45:07.007380-04:00,35.11,19.0,35.16,120.0,18.35,140.0,18.36,1126.0,16.67,2545.0,16.68,2501.0,51.92,4.0,51.97,73.0,16.34,115.0,16.35,81.0,24.5,78.0,24.52,161.0,67.7,1.0,68.02,12.0
2021-09-28 09:45:07.007380-04:00,35.11,19.0,35.16,120.0,18.35,140.0,18.36,1126.0,16.67,2545.0,16.68,2501.0,51.92,4.0,51.97,73.0,16.34,115.0,16.35,81.0,24.5,59.0,24.52,162.0,67.7,1.0,68.02,12.0
2021-09-28 09:45:07.007380-04:00,35.11,19.0,35.16,120.0,18.35,140.0,18.36,1126.0,16.67,2545.0,16.68,2501.0,51.92,4.0,51.97,73.0,16.34,115.0,16.35,81.0,24.5,59.0,24.52,162.0,67.7,2.0,68.01,17.0
2021-09-28 09:45:20.010617-04:00,35.09,141.0,35.14,97.0,18.35,140.0,18.36,1126.0,16.67,2545.0,16.68,2501.0,51.92,4.0,51.97,73.0,16.34,115.0,16.35,81.0,24.5,59.0,24.52,162.0,67.7,2.0,68.01,17.0
2021-09-28 09:45:20.010617-04:00,35.09,141.0,35.14,97.0,18.34,1414.0,18.35,568.0,16.67,2545.0,16.68,2501.0,51.92,4.0,51.97,73.0,16.33,144.0,16.35,130.0,24.5,59.0,24.52,162.0,67.7,2.0,68.01,17.0
2021-09-28 09:45:20.010617-04:00,35.09,141.0,35.14,97.0,18.34,1414.0,18.35,568.0,16.67,2484.0,16.68,2872.0,51.94,36.0,51.98,47.0,16.33,144.0,16.35,130.0,24.5,59.0,24.52,162.0,67.7,2.0,68.01,17.0
2021-09-28 09:45:20.010617-04:00,35.09,141.0,35.14,97.0,18.34,1414.0,18.35,568.0,16.67,2484.0,16.68,2872.0,51.94,36.0,51.98,47.0,16.33,144.0,16.35,130.0,24.5,59.0,24.52,162.0,67.7,2.0,68.0,17.0
2021-09-28 09:45:23.990976-04:00,35.09,133.0,35.14,39.0,18.34,1414.0,18.35,568.0,16.67,2484.0,16.68,2872.0,51.94,36.0,51.98,47.0,16.33,144.0,16.35,120.0,24.5,71.0,24.52,162.0,67.7,2.0,68.0,17.0
2021-09-28 09:45:23.990976-04:00,35.09,133.0,35.14,39.0,18.34,1414.0,18.35,568.0,16.67,2632.0,16.68,2571.0,51.94,36.0,51.98,47.0,16.33,144.0,16.35,120.0,24.5,71.0,24.52,162.0,67.7,2.0,68.0,17.0
2021-09-28 09:45:23.990976-04:00,35.09,133.0,35.14,39.0,18.34,1414.0,18.35,568.0,16.67,2632.0,16.68,2571.0,51.93,92.0,51.98,55.0,16.33,144.0,16.35,120.0,24.5,71.0,24.52,162.0,67.7,2.0,68.0,17.0
2021-09-28 09:45:23.990976-04:00,35.09,133.0,35.14,39.0,18.34,2017.0,18.35,289.0,16.67,2632.0,16.68,2571.0,51.93,92.0,51.98,55.0,16.33,144.0,16.35,120.0,24.5,71.0,24.52,162.0,67.7,2.0,68.0,17.0
2021-09-28 09:45:37.015159-04:00,35.09,133.0,35.14,44.0,18.34,2017.0,18.35,289.0,16.67,2632.0,16.68,2571.0,51.93,92.0,51.98,55.0,16.33,144.0,16.35,120.0,24.5,71.0,24.52,162.0,67.7,2.0,68.0,17.0
2021-09-28 09:45:37.015159-04:00,35.09,133.0,35.14,44.0,18.34,2017.0,18.35,289.0,16.67,2632.0,16.68,2571.0,51.93,92.0,51.98,55.0,16.33,144.0,16.35,117.0,24.5,71.0,24.52,162.0,67.7,2.0,68.0,17.0
2021-09-28 09:45:37.015159-04:00,35.09,133.0,35.14,44.0,18.34,1941.0,18.35,678.0,16.67,2632.0,16.68,2571.0,51.93,92.0,51.98,55.0,16.33,144.0,16.35,117.0,24.5,68.0,24.52,162.0,67.7,2.0,68.0,17.0
2021-09-28 09:45:37.015159-04:00,35.09,133.0,35.14,44.0,18.34,1941.0,18.35,678.0,16.67,2061.0,16.68,2391.0,51.93,92.0,51.98,55.0,16.33,144.0,16.35,117.0,24.5,68.0,24.52,162.0,67.7,2.0,68.0,17.0
2021-09-28 09:45:37.015159-04:00,35.09,133.0,35.14,44.0,18.34,1941.0,18.35,678.0,16.67,2061.0,16.68,2391.0,51.93,92.0,51.98,55.0,16.33,144.0,16.35,117.0,24.5,68.0,24.52,162.0,67.7,2.0,67.98,17.0
2021-09-28 09:45:37.015159-04:00,35.09,133.0,35.14,44.0,18.34,1941.0,18.35,678.0,16.67,2061.0,16.68,2391.0,51.93,130.0,51.98,127.0,16.33,144.0,16.35,117.0,24.5,68.0,24.52,162.0,67.7,2.0,67.98,17.0
2021-09-28 09:45:46.757107-04:00,35.09,133.0,35.14,38.0,18.34,1941.0,18.35,678.0,16.67,2061.0,16.68,2391.0,51.93,130.0,51.98,127.0,16.33,143.0,16.34,8.0,24.5,68.0,24.52,162.0,67.7,2.0,67.98,17.0
2021-09-28 09:45:46.757107-04:00,35.09,133.0,35.14,38.0,18.34,906.0,18.35,694.0,16.67,2061.0,16.68,2391.0,51.93,130.0,51.98,127.0,16.33,143.0,16.34,8.0,24.5,68.0,24.52,162.0,67.7,2.0,67.98,17.0
2021-09-28 09:45:46.757107-04:00,35.09,133.0,35.14,38.0,18.34,906.0,18.35,694.0,16.67,2061.0,16.68,2391.0,51.93,130.0,51.98,127.0,16.33,143.0,16.34,8.0,24.5,77.0,24.52,162.0,67.7,2.0,67.98,17.0
2021-09-28 09:45:46.757107-04:00,35.09,133.0,35.14,38.0,18.34,906.0,18.35,694.0,16.67,2061.0,16.68,2391.0,51.93,175.0,51.99,145.0,16.33,143.0,16.34,8.0,24.5,77.0,24.52,162.0,67.7,2.0,67.98,17.0
2021-09-28 09:45:46.757107-04:00,35.09,133.0,35.14,38.0,18.34,906.0,18.35,694.0,16.67,2223.0,16.68,2640.0,51.93,175.0,51.99,145.0,16.33,143.0,16.34,8.0,24.5,77.0,24.52,162.0,67.7,2.0,67.98,17.0
2021-09-28 09:45:46.757107-04:00,35.09,133.0,35.14,38.0,18.34,906.0,18.35,694.0,16.67,2223.0,16.68,2640.0,51.93,175.0,51.99,145.0,16.33,143.0,16.34,8.0,24.5,77.0,24.52,162.0,67.7,2.0,67.97,17.0
2021-09-28 09:45:55.047940-04:00,35.1,95.0,35.15,38.0,18.34,906.0,18.35,694.0,16.67,2223.0,16.68,2640.0,51.93,175.0,51.99,145.0,16.33,143.0,16.34,8.0,24.5,77.0,24.52,162.0,67.7,2.0,67.97,17.0
2021-09-28 09:45:55.047940-04:00,35.1,95.0,35.15,38.0,18.34,906.0,18.35,694.0,16.67,2223.0,16.68,2640.0,51.93,175.0,51.99,145.0,16.33,143.0,16.34,8.0,24.5,83.0,24.52,162.0,67.7,2.0,67.97,17.0
2021-09-28 09:45:55.047940-04:00,35.1,95.0,35.15,38.0,18.34,906.0,18.35,694.0,16.67,2223.0,16.68,2640.0,51.92,108.0,51.97,19.0,16.33,143.0,16.34,8.0,24.5,83.0,24.52,162.0,67.7,2.0,67.97,17.0
2021-09-28 09:45:55.047940-04:00,35.1,95.0,35.15,38.0,18.34,906.0,18.35,694.0,16.67,2223.0,16.68,2640.0,51.92,108.0,51.97,19.0,16.33,144.0,16.35,99.0,24.5,83.0,24.52,162.0,67.7,2.0,67.97,17.0
2021-09-28 09:45:55.047940-04:00,35.1,95.0,35.15,38.0,18.34,906.0,18.35,694.0,16.67,2870.0,16.68,2499.0,51.92,108.0,51.97,19.0,16.33,144.0,16.35,99.0,24.5,83.0,24.52,162.0,67.7,2.0,67.97,17.0
2021-09-28 09:45:55.047940-04:00,35.1,95.0,35.15,38.0,18.34,2321.0,18.35,79.0,16.67,2870.0,16.68,2499.0,51.92,108.0,51.97,19.0,16.33,144.0,16.35,99.0,24.5,83.0,24.52,162.0,67.7,2.0,67.97,17.0
2021-09-28 09:45:55.047940-04:00,35.1,95.0,35.15,38.0,18.34,2321.0,18.35,79.0,16.67,2870.0,16.68,2499.0,51.92,108.0,51.97,19.0,16.33,144.0,16.34,13.0,24.5,83.0,24.52,162.0,67.7,2.0,67.97,17.0
2021-09-28 09:46:07.069798-04:00,35.08,45.0,35.14,61.0,18.34,2321.0,18.35,79.0,16.67,2870.0,16.68,2499.0,51.92,108.0,51.97,19.0,16.33,144.0,16.34,13.0,24.5,83.0,24.52,162.0,67.7,2.0,67.97,17.0
2021-09-28 09:46:07.069798-04:00,35.08,45.0,35.14,61.0,18.34,1104.0,18.35,702.0,16.67,2870.0,16.68,2499.0,51.92,108.0,51.97,19.0,16.33,144.0,16.34,13.0,24.5,68.0,24.52,162.0,67.7,2.0,67.97,17.0
2021-09-28 09:46:07.069798-04:00,35.08,45.0,35.14,61.0,18.34,1104.0,18.35,702.0,16.67,2870.0,16.68,2499.0,51.93,131.0,51.99,66.0,16.33,144.0,16.34,13.0,24.5,68.0,24.52,162.0,67.7,2.0,67.97,17.0
2021-09-28 09:46:07.069798-04:00,35.08,45.0,35.14,61.0,18.34,1104.0,18.35,702.0,16.67,2069.0,16.68,2608.0,51.93,131.0,51.99,66.0,16.33,144.0,16.34,13.0,24.5,68.0,24.52,162.0,67.7,2.0,67.97,17.0
2021-09-28 09:46:10.077756-04:00,35.08,45.0,35.14,61.0,18.34,1104.0,18.35,702.0,16.67,2069.0,16.68,2608.0,51.93,131.0,51.99,66.0,16.33,144.0,16.34,12.0,24.5,68.0,24.52,162.0,67.7,2.0,67.97,17.0
2021-09-28 09:46:10.077756-04:00,35.08,45.0,35.14,61.0,18.34,1104.0,18.35,702.0,16.67,2069.0,16.68,2608.0,51.93,131.0,51.99,66.0,16.33,144.0,16.34,12.0,24.5,86.0,24.52,162.0,67.7,2.0,67.97,17.0
2021-09-28 09:46:10.077756-04:00,35.08,45.0,35.14,61.0,18.34,1104.0,18.35,702.0,16.67,2665.0,16.68,2254.0,51.93,131.0,51.99,66.0,16.33,144.0,16.34,12.0,24.5,86.0,24.52,162.0,67.7,2.0,67.97,17.0
2021-09-28 09:46:10.077756-04:00,35.08,45.0,35.14,61.0,18.34,1104.0,18.35,702.0,16.67,2665.0,16.68,2254.0,51.93,131.0,51.99,66.0,16.33,144.0,16.34,12.0,24.5,86.0,24.52,162.0,67.7,2.0,67.96,17.0
2021-09-28 09:46:17.090010-04:00,35.09,133.0,35.15,76.0,18.34,1104.0,18.35,702.0,16.67,2665.0,16.68,2254.0,51.93,131.0,51.99,66.0,16.33,144.0,16.34,12.0,24.5,86.0,24.52,162.0,67.7,2.0,67.96,17.0
2021-09-28 09:46:17.090010-04:00,35.09,133.0,35.15,76.0,18.34,2233.0,18.35,214.0,16.67,2665.0,16.68,2254.0,51.93,131.0,51.99,66.0,16.33,144.0,16.34,12.0,24.5,86.0,24.52,162.0,67.7,2.0,67.96,17.0
2021-09-28 09:46:17.090010-04:00,35.09,133.0,35.15,76.0,18.34,2233.0,18.35,214.0,16.67,2665.0,16.68,2254.0,51.92,98.0,51.98,8.0,16.33,144.0,16.34,12.0,24.5,86.0,24.52,162.0,67.7,2.0,67.96,17.0
2021-09-28 09:46:26.994526-04:00,35.1,19.0,35.14,57.0,18.34,2233.0,18.35,214.0,16.67,2665.0,16.68,2254.0,51.92,98.0,51.98,8.0,16.33,144.0,16.34,12.0,24.5,86.0,24.52,162.0,67.7,2.0,67.96,17.0
2021-09-28 09:46:26.994526-04:00,35.1,19.0,35.14,57.0,18.34,2333.0,18.35,233.0,16.67,2665.0,16.68,2254.0,51.92,98.0,51.98,8.0,16.33,144.0,16.34,12.0,24.5,86.0,24.52,162.0,67.7,2.0,67.96,17.0
2021-09-28 09:46:26.994526-04:00,35.1,19.0,35.14,57.0,18.34,2333.0,18.35,233.0,16.67,2665.0,16.68,2254.0,51.92,98.0,51.98,8.0,16.33,144.0,16.34,12.0,24.5,73.0,24.52,162.0,67.7,2.0,67.96,17.0
2021-09-28 09:46:26.994526-04:00,35.1,19.0,35.14,57.0,18.34,2333.0,18.35,233.0,16.67,2665.0,16.68,2254.0,51.93,55.0,51.98,63.0,16.33,144.0,16.34,12.0,24.5,73.0,24.52,162.0,67.7,2.0,67.96,17.0
2021-09-28 09:46:26.994526-04:00,35.1,19.0,35.14,57.0,18.34,2333.0,18.35,233.0,16.67,3095.0,16.68,2247.0,51.93,55.0,51.98,63.0,16.33,144.0,16.34,12.0,24.5,73.0,24.52,162.0,67.7,2.0,67.96,17.0
2021-09-28 09:46:26.994526-04:00,35.1,19.0,35.14,57.0,18.34,2333.0,18.35,233.0,16.67,3095.0,16.68,2247.0,51.93,55.0,51.98,63.0,16.33,144.0,16.34,12.0,24.5,73.0,24.52,162.0,67.7,2.0,67.96,7.0
2021-09-28 09:46:26.994526-04:00,35.1,19.0,35.14,57.0,18.34,2333.0,18.35,233.0,16.67,3095.0,16.68,2247.0,51.93,55.0,51.98,63.0,16.33,144.0,16.35,117.0,24.5,73.0,24.52,162.0,67.7,2.0,67.96,7.0
2021-09-28 09:46:26.994526-04:00,35.1,19.0,35.14,57.0,18.34,2333.0,18.35,233.0,16.67,3095.0,16.68,2247.0,51.93,55.0,51.98,63.0,16.33,144.0,16.35,117.0,24.5,84.0,24.52,162.0,67.7,2.0,67.96,7.0
2021-09-28 09:46:26.994526-04:00,35.1,19.0,35.14,57.0,18.34,2333.0,18.35,233.0,16.67,3095.0,16.68,2247.0,51.93,55.0,51.98,63.0,16.33,144.0,16.35,117.0,24.5,84.0,24.52,162.0,67.7,2.0,67.95,7.0
2021-09-28 09:46:40.226152-04:00,35.1,102.0,35.15,157.0,18.35,182.0,18.36,1759.0,16.67,3095.0,16.68,2247.0,51.92,132.0,51.97,120.0,16.33,144.0,16.35,117.0,24.5,84.0,24.52,162.0,67.7,2.0,67.95,7.0
2021-09-28 09:46:40.226152-04:00,35.1,102.0,35.15,157.0,18.35,182.0,18.36,1759.0,16.67,3323.0,16.68,2247.0,51.92,132.0,51.97,120.0,16.33,144.0,16.35,117.0,24.5,84.0,24.52,162.0,67.7,2.0,67.95,7.0
2021-09-28 09:46:40.229146-04:00,35.1,102.0,35.15,157.0,18.35,182.0,18.36,1759.0,16.67,3323.0,16.68,2247.0,51.92,132.0,51.97,120.0,16.33,144.0,16.35,117.0,24.5,84.0,24.52,162.0,67.7,2.0,67.94,7.0
2021-09-28 09:46:40.229146-04:00,35.1,102.0,35.15,157.0,18.35,182.0,18.36,1759.0,16.67,3323.0,16.68,2247.0,51.92,132.0,51.97,120.0,16.33,144.0,16.35,120.0,24.5,84.0,24.52,162.0,67.7,2.0,67.94,7.0
2021-09-28 09:46:47.034948-04:00,35.09,133.0,35.14,19.0,18.35,182.0,18.36,1759.0,16.67,3323.0,16.68,2247.0,51.92,132.0,51.97,120.0,16.33,144.0,16.35,120.0,24.5,84.0,24.52,162.0,67.7,2.0,67.94,7.0
2021-09-28 09:46:47.034948-04:00,35.09,133.0,35.14,19.0,18.34,1547.0,18.35,613.0,16.67,3323.0,16.68,2247.0,51.92,132.0,51.97,120.0,16.33,144.0,16.35,120.0,24.5,84.0,24.52,162.0,67.7,2.0,67.94,7.0
2021-09-28 09:46:47.034948-04:00,35.09,133.0,35.14,19.0,18.34,1547.0,18.35,613.0,16.67,3323.0,16.68,2247.0,51.92,132.0,51.97,120.0,16.33,144.0,16.35,120.0,24.5,68.0,24.52,162.0,67.7,2.0,67.94,7.0
2021-09-28 09:46:47.034948-04:00,35.09,133.0,35.14,19.0,18.34,1547.0,18.35,613.0,16.67,3323.0,16.68,2247.0,51.93,21.0,51.98,8.0,16.33,144.0,16.35,120.0,24.5,68.0,24.52,162.0,67.7,2.0,67.94,7.0
2021-09-28 09:46:47.034948-04:00,35.09,133.0,35.14,19.0,18.34,1547.0,18.35,613.0,16.67,2352.0,16.68,2263.0,51.93,21.0,51.98,8.0,16.33,144.0,16.35,120.0,24.5,68.0,24.52,162.0,67.7,2.0,67.94,7.0
2021-09-28 09:46:50.039915-04:00,35.09,133.0,35.14,19.0,18.34,1547.0,18.35,613.0,16.67,2352.0,16.68,2263.0,51.93,21.0,51.98,8.0,16.33,144.0,16.35,120.0,24.5,68.0,24.52,162.0,67.7,1.0,67.92,2.0
2021-09-28 09:46:50.039915-04:00,35.09,133.0,35.14,19.0,18.34,1547.0,18.35,613.0,16.67,2352.0,16.68,2263.0,51.93,21.0,51.98,8.0,16.33,136.0,16.35,114.0,24.5,68.0,24.52,162.0,67.7,1.0,67.92,2.0
2021-09-28 09:46:57.055158-04:00,35.1,114.0,35.14,2.0,18.34,1547.0,18.35,613.0,16.67,2352.0,16.68,2263.0,51.93,21.0,51.98,8.0,16.33,136.0,16.35,114.0,24.5,68.0,24.52,162.0,67.7,1.0,67.92,2.0
2021-09-28 09:46:57.055158-04:00,35.1,114.0,35.14,2.0,18.35,128.0,18.36,1956.0,16.67,2352.0,16.68,2263.0,51.93,21.0,51.98,8.0,16.33,136.0,16.35,114.0,24.5,68.0,24.52,162.0,67.7,1.0,67.92,2.0
2021-09-28 09:46:57.055158-04:00,35.1,114.0,35.14,2.0,18.35,128.0,18.36,1956.0,16.67,2352.0,16.68,2263.0,51.93,21.0,51.98,8.0,16.33,136.0,16.35,114.0,24.5,99.0,24.52,162.0,67.7,1.0,67.92,2.0
2021-09-28 09:46:57.055158-04:00,35.1,114.0,35.14,2.0,18.35,128.0,18.36,1956.0,16.67,2352.0,16.68,2263.0,51.93,2.0,51.97,90.0,16.33,136.0,16.35,114.0,24.5,99.0,24.52,162.0,67.7,1.0,67.92,2.0
2021-09-28 09:46:57.055158-04:00,35.1,114.0,35.14,2.0,18.35,128.0,18.36,1956.0,16.67,2904.0,16.68,2348.0,51.93,2.0,51.97,90.0,16.33,136.0,16.35,114.0,24.5,99.0,24.52,162.0,67.7,1.0,67.92,2.0
2021-09-28 09:46:57.055158-04:00,35.1,114.0,35.14,2.0,18.35,128.0,18.36,1956.0,16.67,2904.0,16.68,2348.0,51.93,2.0,51.97,90.0,16.33,136.0,16.35,114.0,24.5,99.0,24.52,162.0,67.7,1.0,67.92,21.0
2021-09-28 09:47:03.067085-04:00,35.11,114.0,35.16,38.0,18.35,128.0,18.36,1956.0,16.67,2904.0,16.68,2348.0,51.93,2.0,51.97,90.0,16.33,136.0,16.35,114.0,24.5,99.0,24.52,162.0,67.7,1.0,67.92,21.0
2021-09-28 09:47:03.067085-04:00,35.11,114.0,35.16,38.0,18.35,128.0,18.36,1956.0,16.67,2904.0,16.68,2348.0,51.93,2.0,51.97,90.0,16.34,34.0,16.35,74.0,24.5,99.0,24.52,162.0,67.7,1.0,67.92,21.0
2021-09-28 09:47:03.067085-04:00,35.11,114.0,35.16,38.0,18.34,3035.0,18.35,61.0,16.67,2904.0,16.68,2348.0,51.93,2.0,51.97,90.0,16.34,34.0,16.35,74.0,24.5,99.0,24.52,162.0,67.7,1.0,67.92,21.0
2021-09-28 09:47:03.067085-04:00,35.11,114.0,35.16,38.0,18.34,3035.0,18.35,61.0,16.67,3142.0,16.68,2298.0,51.93,2.0,51.97,90.0,16.34,34.0,16.35,74.0,24.5,99.0,24.52,162.0,67.7,1.0,67.92,21.0
2021-09-28 09:47:03.067085-04:00,35.11,114.0,35.16,38.0,18.34,3035.0,18.35,61.0,16.67,3142.0,16.68,2298.0,51.91,72.0,51.96,127.0,16.34,34.0,16.35,74.0,24.5,99.0,24.52,162.0,67.7,1.0,67.92,21.0
2021-09-28 09:47:03.067085-04:00,35.11,114.0,35.16,38.0,18.34,3035.0,18.35,61.0,16.67,3142.0,16.68,2298.0,51.91,72.0,51.96,127.0,16.34,34.0,16.35,74.0,24.5,99.0,24.52,162.0,67.7,1.0,67.92,2.0
