time,bid1,bid_size1,ask1,ask_size1,bid2,bid_size2,ask2,ask_size2,bid3,bid_size3,ask3,ask_size3,bid4,bid_size4,ask4,ask_size4,bid5,bid_size5,ask5,ask_size5,bid6,bid_size6,ask6,ask_size6,bid7,bid_size7,ask7,ask_size7
2021-09-30 09:30:04.359132-04:00,35.34,1.0,35.48,90.0,18.44,328.0,18.45,60.0,16.72,466.0,16.73,1620.0,51.6,72.0,51.71,1.0,16.34,187.0,16.36,76.0,24.51,72.0,24.52,14.0,67.63,2.0,68.06,24.0
2021-09-30 09:30:04.368110-04:00,35.34,1.0,35.48,90.0,18.44,328.0,18.45,60.0,16.72,466.0,16.73,1620.0,51.61,72.0,51.71,1.0,16.34,187.0,16.36,76.0,24.51,72.0,24.52,14.0,67.63,2.0,68.06,24.0
2021-09-30 09:30:04.368110-04:00,35.34,1.0,35.48,90.0,18.44,328.0,18.45,60.0,16.71,339.0,16.73,1570.0,51.61,72.0,51.71,1.0,16.34,187.0,16.36,76.0,24.51,72.0,24.52,14.0,67.63,2.0,68.06,24.0
2021-09-30 09:30:08.596801-04:00,35.34,1.0,35.48,90.0,18.44,335.0,18.46,650.0,16.71,339.0,16.73,1570.0,51.61,72.0,51.71,1.0,16.34,187.0,16.36,76.0,24.51,72.0,24.52,14.0,67.63,2.0,68.06,24.0
2021-09-30 09:30:24.633924-04:00,35.34,1.0,35.46,90.0,18.44,335.0,18.46,650.0,16.71,339.0,16.73,1570.0,51.61,72.0,51.71,1.0,16.34,187.0,16.36,76.0,24.51,72.0,24.52,14.0,67.63,2.0,68.06,24.0
2021-09-30 09:30:24.633924-04:00,35.34,1.0,35.46,90.0,18.44,335.0,18.46,650.0,16.71,339.0,16.73,1570.0,51.61,72.0,51.71,1.0,16.34,187.0,16.36,76.0,24.51,82.0,24.52,14.0,67.63,2.0,68.06,24.0
2021-09-30 09:30:24.633924-04:00,35.34,1.0,35.46,90.0,18.44,335.0,18.46,650.0,16.71,373.0,16.72,1417.0,51.63,18.0,51.77,18.0,16.34,187.0,16.35,13.0,24.51,82.0,24.52,14.0,67.63,2.0,68.06,24.0
2021-09-30 09:30:24.633924-04:00,35.34,1.0,35.46,90.0,18.44,335.0,18.46,650.0,16.71,373.0,16.72,1417.0,51.63,18.0,51.77,18.0,16.34,187.0,16.35,13.0,24.51,82.0,24.52,14.0,67.64,7.0,68.06,24.0
2021-09-30 09:30:24.633924-04:00,35.34,1.0,35.46,90.0,18.44,1.0,18.45,879.0,16.71,373.0,16.72,1417.0,51.63,18.0,51.77,18.0,16.34,187.0,16.35,13.0,24.51,82.0,24.52,14.0,67.64,7.0,68.06,24.0
2021-09-30 09:30:24.633924-04:00,35.34,1.0,35.46,90.0,18.44,1.0,18.45,879.0,16.71,373.0,16.72,1417.0,51.66,90.0,51.78,1.0,16.34,187.0,16.35,13.0,24.51,82.0,24.52,14.0,67.64,7.0,68.06,24.0
2021-09-30 09:30:24.633924-04:00,35.34,1.0,35.46,90.0,18.44,1.0,18.45,879.0,16.71,638.0,16.72,1923.0,51.66,90.0,51.78,1.0,16.34,187.0,16.35,13.0,24.51,82.0,24.52,14.0,67.64,7.0,68.06,24.0
2021-09-30 09:30:35.661443-04:00,35.26,2.0,35.42,90.0,18.44,1.0,18.45,879.0,16.71,638.0,16.72,1923.0,51.66,90.0,51.78,1.0,16.34,187.0,16.35,13.0,24.51,82.0,24.52,14.0,67.64,7.0,68.06,24.0
2021-09-30 09:30:35.661443-04:00,35.26,2.0,35.42,90.0,18.44,1.0,18.45,879.0,16.71,638.0,16.72,1923.0,51.66,90.0,51.78,1.0,16.34,29.0,16.35,66.0,24.51,82.0,24.52,14.0,67.64,7.0,68.06,24.0
2021-09-30 09:30:35.661443-04:00,35.26,2.0,35.42,90.0,18.44,1.0,18.45,879.0,16.71,638.0,16.72,1923.0,51.66,90.0,51.78,1.0,16.34,29.0,16.35,66.0,24.5,65.0,24.52,14.0,67.64,7.0,68.06,24.0
2021-09-30 09:30:35.661443-04:00,35.26,2.0,35.42,90.0,18.42,435.0,18.44,990.0,16.71,638.0,16.72,1923.0,51.66,90.0,51.78,1.0,16.34,29.0,16.35,66.0,24.5,65.0,24.52,14.0,67.64,7.0,68.08,24.0
2021-09-30 09:30:35.661443-04:00,35.26,2.0,35.42,90.0,18.42,435.0,18.44,990.0,16.71,638.0,16.72,1923.0,51.65,18.0,51.78,1.0,16.34,29.0,16.35,66.0,24.5,65.0,24.52,14.0,67.64,7.0,68.08,24.0
2021-09-30 09:30:35.661443-04:00,35.26,2.0,35.42,90.0,18.42,435.0,18.44,990.0,16.71,638.0,16.72,1923.0,51.65,18.0,51.78,1.0,16.34,178.0,16.35,73.0,24.5,65.0,24.52,14.0,67.64,7.0,68.08,24.0
2021-09-30 09:30:45.563967-04:00,35.28,92.0,35.44,90.0,18.42,435.0,18.44,990.0,16.71,638.0,16.72,1923.0,51.65,18.0,51.78,1.0,16.34,178.0,16.35,73.0,24.5,65.0,24.52,14.0,67.64,7.0,68.08,24.0
2021-09-30 09:30:45.563967-04:00,35.28,92.0,35.44,90.0,18.42,435.0,18.44,990.0,16.71,1091.0,16.72,2080.0,51.65,18.0,51.78,1.0,16.34,178.0,16.35,73.0,24.5,65.0,24.52,14.0,67.64,7.0,68.08,24.0
2021-09-30 09:30:45.563967-04:00,35.28,92.0,35.44,90.0,18.43,428.0,18.44,791.0,16.71,1091.0,16.72,2080.0,51.65,18.0,51.78,1.0,16.34,178.0,16.35,73.0,24.51,52.0,24.52,14.0,67.64,7.0,68.08,24.0
2021-09-30 09:30:45.563967-04:00,35.28,92.0,35.44,90.0,18.43,428.0,18.44,791.0,16.71,1091.0,16.72,2080.0,51.65,18.0,51.78,1.0,16.34,178.0,16.35,73.0,24.51,52.0,24.52,14.0,67.65,17.0,68.08,24.0
2021-09-30 09:30:45.563967-04:00,35.28,92.0,35.44,90.0,18.43,428.0,18.44,791.0,16.71,638.0,16.72,1923.0,51.65,18.0,51.78,1.0,16.34,178.0,16.35,73.0,24.51,52.0,24.52,14.0,67.65,17.0,68.08,24.0
2021-09-30 09:30:45.563967-04:00,35.28,92.0,35.44,90.0,18.43,168.0,18.44,883.0,16.71,638.0,16.72,1923.0,51.65,18.0,51.78,1.0,16.34,178.0,16.35,73.0,24.51,52.0,24.52,14.0,67.65,17.0,68.08,24.0
2021-09-30 09:30:45.563967-04:00,35.28,92.0,35.44,90.0,18.43,168.0,18.44,883.0,16.71,638.0,16.72,1923.0,51.65,90.0,51.78,1.0,16.34,178.0,16.35,73.0,24.51,52.0,24.52,14.0,67.65,17.0,68.08,24.0
2021-09-30 09:30:45.563967-04:00,35.28,92.0,35.44,90.0,18.43,168.0,18.44,883.0,16.71,638.0,16.72,1923.0,51.65,90.0,51.78,1.0,16.34,171.0,16.35,67.0,24.51,52.0,24.52,14.0,67.65,17.0,68.08,24.0
2021-09-30 09:30:45.563967-04:00,35.28,92.0,35.44,90.0,18.43,168.0,18.44,883.0,16.71,638.0,16.72,1923.0,51.65,90.0,51.78,1.0,16.34,171.0,16.35,67.0,24.51,73.0,24.52,14.0,67.65,17.0,68.08,24.0
2021-09-30 09:30:58.595126-04:00,35.28,1.0,35.43,90.0,18.43,168.0,18.44,883.0,16.71,638.0,16.72,1923.0,51.65,90.0,51.78,1.0,16.34,171.0,16.35,67.0,24.51,73.0,24.52,14.0,67.65,17.0,68.08,24.0
2021-09-30 09:30:58.595126-04:00,35.28,1.0,35.43,90.0,18.43,168.0,18.44,883.0,16.71,638.0,16.72,1923.0,51.65,90.0,51.78,1.0,16.34,171.0,16.35,67.0,24.51,73.0,24.52,14.0,67.66,2.0,68.08,24.0
2021-09-30 09:30:58.595126-04:00,35.28,1.0,35.43,90.0,18.43,168.0,18.44,883.0,16.71,638.0,16.72,1923.0,51.67,18.0,51.78,1.0,16.34,171.0,16.35,67.0,24.51,73.0,24.52,14.0,67.66,2.0,68.08,24.0
2021-09-30 09:30:58.595126-04:00,35.28,1.0,35.43,90.0,18.43,168.0,18.44,883.0,16.71,638.0,16.72,1923.0,51.67,18.0,51.78,1.0,16.34,166.0,16.35,73.0,24.51,73.0,24.52,14.0,67.66,2.0,68.08,24.0
2021-09-30 09:31:08.653236-04:00,35.28,1.0,35.42,90.0,18.43,168.0,18.44,883.0,16.71,638.0,16.72,1923.0,51.67,18.0,51.78,1.0,16.34,166.0,16.35,73.0,24.51,73.0,24.52,14.0,67.66,2.0,68.08,24.0
2021-09-30 09:31:08.653236-04:00,35.28,1.0,35.42,90.0,18.43,168.0,18.44,883.0,16.71,186.0,16.71,181.0,51.67,18.0,51.78,1.0,16.34,166.0,16.35,73.0,24.51,73.0,24.52,14.0,67.66,2.0,68.08,24.0
2021-09-30 09:31:08.653236-04:00,35.28,1.0,35.42,90.0,18.42,440.0,18.43,82.0,16.71,186.0,16.71,181.0,51.67,18.0,51.78,1.0,16.34,166.0,16.35,73.0,24.51,73.0,24.52,14.0,67.66,2.0,68.08,24.0
2021-09-30 09:31:08.653236-04:00,35.28,1.0,35.42,90.0,18.42,440.0,18.43,82.0,16.71,186.0,16.71,181.0,51.67,18.0,51.78,1.0,16.34,166.0,16.35,73.0,24.51,72.0,24.52,14.0,67.66,2.0,68.08,24.0
2021-09-30 09:31:08.653236-04:00,35.28,1.0,35.42,90.0,18.42,440.0,18.43,82.0,16.71,186.0,16.71,181.0,51.67,18.0,51.78,1.0,16.34,166.0,16.35,73.0,24.51,58.0,24.52,14.0,67.66,2.0,68.08,24.0
2021-09-30 09:31:08.653236-04:00,35.28,1.0,35.42,90.0,18.42,440.0,18.43,82.0,16.71,5.0,16.71,181.0,51.67,18.0,51.78,1.0,16.34,166.0,16.35,73.0,24.51,58.0,24.52,14.0,67.66,2.0,68.08,24.0
2021-09-30 09:31:08.653236-04:00,35.28,1.0,35.42,90.0,18.42,384.0,18.43,290.0,16.71,5.0,16.71,181.0,51.67,18.0,51.78,1.0,16.34,166.0,16.35,73.0,24.51,58.0,24.52,14.0,67.66,2.0,68.08,24.0
2021-09-30 09:31:08.653236-04:00,35.28,1.0,35.42,90.0,18.42,384.0,18.43,290.0,16.71,5.0,16.71,181.0,51.67,18.0,51.78,1.0,16.34,173.0,16.35,77.0,24.51,58.0,24.52,14.0,67.66,2.0,68.08,24.0
2021-09-30 09:31:08.653236-04:00,35.28,1.0,35.42,90.0,18.42,384.0,18.43,290.0,16.71,5.0,16.71,181.0,51.67,18.0,51.78,1.0,16.34,46.0,16.35,77.0,24.51,58.0,24.52,14.0,67.66,2.0,68.08,24.0
2021-09-30 09:31:08.653236-04:00,35.28,1.0,35.42,90.0,18.42,384.0,18.43,290.0,16.71,5.0,16.71,181.0,51.68,90.0,51.78,1.0,16.34,46.0,16.35,77.0,24.51,58.0,24.52,14.0,67.66,2.0,68.08,24.0
2021-09-30 09:31:08.653236-04:00,35.28,1.0,35.42,90.0,18.42,384.0,18.43,290.0,16.71,5.0,16.71,181.0,51.68,90.0,51.78,1.0,16.34,46.0,16.35,77.0,24.5,71.0,24.52,14.0,67.66,2.0,68.08,24.0
2021-09-30 09:31:23.657119-04:00,35.28,1.0,35.4,18.0,18.42,384.0,18.43,290.0,16.71,5.0,16.71,181.0,51.68,90.0,51.78,1.0,16.34,46.0,16.35,77.0,24.5,71.0,24.52,14.0,67.66,2.0,68.08,24.0
2021-09-30 09:31:23.657119-04:00,35.28,1.0,35.4,18.0,18.42,384.0,18.43,290.0,16.71,5.0,16.71,181.0,51.68,90.0,51.78,1.0,16.34,46.0,16.35,77.0,24.5,71.0,24.52,14.0,67.66,7.0,68.08,24.0
2021-09-30 09:31:23.657119-04:00,35.28,1.0,35.4,18.0,18.42,89.0,18.43,911.0,16.71,5.0,16.71,181.0,51.68,90.0,51.78,1.0,16.34,46.0,16.35,77.0,24.5,71.0,24.52,14.0,67.66,7.0,68.08,24.0
2021-09-30 09:31:23.657119-04:00,35.28,1.0,35.4,18.0,18.42,89.0,18.43,911.0,16.7,1620.0,16.71,1203.0,51.68,90.0,51.78,1.0,16.34,46.0,16.35,77.0,24.5,71.0,24.52,14.0,67.66,7.0,68.08,24.0
2021-09-30 09:31:23.657119-04:00,35.28,1.0,35.4,18.0,18.42,89.0,18.43,911.0,16.7,1620.0,16.71,1203.0,51.68,90.0,51.78,1.0,16.34,46.0,16.35,77.0,24.5,71.0,24.52,14.0,67.66,2.0,68.08,24.0
2021-09-30 09:31:23.657119-04:00,35.28,1.0,35.4,18.0,18.42,89.0,18.43,911.0,16.7,1620.0,16.71,1203.0,51.68,18.0,51.78,1.0,16.34,46.0,16.35,77.0,24.5,71.0,24.52,14.0,67.66,2.0,68.08,24.0
2021-09-30 09:31:23.657119-04:00,35.28,1.0,35.4,18.0,18.42,89.0,18.43,911.0,16.7,1620.0,16.71,1203.0,51.68,18.0,51.78,1.0,16.34,46.0,16.35,77.0,24.51,13.0,24.52,14.0,67.66,2.0,68.08,24.0
2021-09-30 09:31:31.427345-04:00,35.28,1.0,35.41,90.0,18.42,89.0,18.43,911.0,16.7,1620.0,16.71,1203.0,51.68,18.0,51.78,1.0,16.34,46.0,16.35,77.0,24.51,13.0,24.52,14.0,67.66,2.0,68.08,24.0
2021-09-30 09:31:31.427345-04:00,35.28,1.0,35.41,90.0,18.42,89.0,18.43,911.0,16.7,1620.0,16.71,1203.0,51.68,18.0,51.78,1.0,16.34,131.0,16.35,82.0,24.51,13.0,24.52,14.0,67.66,2.0,68.08,24.0
2021-09-30 09:31:31.427345-04:00,35.28,1.0,35.41,90.0,18.42,89.0,18.43,911.0,16.7,1817.0,16.71,84.0,51.68,18.0,51.78,1.0,16.34,131.0,16.35,82.0,24.51,13.0,24.52,14.0,67.66,2.0,68.08,24.0
2021-09-30 09:31:31.427345-04:00,35.28,1.0,35.41,90.0,18.42,253.0,18.43,80.0,16.7,1817.0,16.71,84.0,51.68,18.0,51.78,1.0,16.34,131.0,16.35,82.0,24.51,13.0,24.52,14.0,67.66,2.0,68.08,24.0
2021-09-30 09:31:31.427345-04:00,35.28,1.0,35.41,90.0,18.42,253.0,18.43,80.0,16.71,905.0,16.72,1379.0,51.68,18.0,51.78,1.0,16.34,131.0,16.35,82.0,24.51,13.0,24.52,14.0,67.66,2.0,68.08,24.0
2021-09-30 09:31:31.427345-04:00,35.28,1.0,35.41,90.0,18.42,728.0,18.44,913.0,16.71,905.0,16.72,1379.0,51.68,18.0,51.78,1.0,16.34,178.0,16.35,79.0,24.51,13.0,24.52,14.0,67.66,2.0,68.08,24.0
2021-09-30 09:31:31.427345-04:00,35.28,1.0,35.41,90.0,18.42,728.0,18.44,913.0,16.71,905.0,16.72,1379.0,51.67,36.0,51.82,72.0,16.34,178.0,16.35,79.0,24.51,13.0,24.52,14.0,67.66,2.0,68.08,24.0
2021-09-30 09:31:49.032278-04:00,35.25,90.0,35.42,90.0,18.42,728.0,18.44,913.0,16.71,905.0,16.72,1379.0,51.67,36.0,51.82,72.0,16.34,178.0,16.35,79.0,24.51,13.0,24.52,14.0,67.66,2.0,68.08,24.0
2021-09-30 09:31:49.032278-04:00,35.25,90.0,35.42,90.0,18.42,728.0,18.44,913.0,16.71,905.0,16.72,1379.0,51.67,36.0,51.82,72.0,16.34,178.0,16.35,79.0,24.51,65.0,24.52,14.0,67.66,2.0,68.08,24.0
2021-09-30 09:31:49.032278-04:00,35.25,90.0,35.42,90.0,18.42,728.0,18.44,913.0,16.71,905.0,16.72,1379.0,51.67,36.0,51.82,72.0,16.34,176.0,16.35,64.0,24.51,65.0,24.52,14.0,67.66,2.0,68.08,24.0
2021-09-30 09:31:49.032278-04:00,35.25,90.0,35.42,90.0,18.42,728.0,18.44,913.0,16.71,905.0,16.72,1379.0,51.67,41.0,51.82,72.0,16.34,176.0,16.35,64.0,24.51,65.0,24.52,14.0,67.66,2.0,68.08,24.0
2021-09-30 09:31:54.481707-04:00,35.25,90.0,35.41,10.0,18.42,728.0,18.44,913.0,16.71,905.0,16.72,1379.0,51.67,41.0,51.82,72.0,16.34,176.0,16.35,64.0,24.51,65.0,24.52,14.0,67.66,2.0,68.08,24.0
2021-09-30 09:31:54.481707-04:00,35.25,90.0,35.41,10.0,18.42,588.0,18.43,193.0,16.71,905.0,16.72,1379.0,51.67,41.0,51.82,72.0,16.34,176.0,16.35,64.0,24.51,65.0,24.52,14.0,67.66,2.0,68.08,24.0
2021-09-30 09:31:54.481707-04:00,35.25,90.0,35.41,10.0,18.42,588.0,18.43,193.0,16.7,1768.0,16.71,287.0,51.67,41.0,51.82,72.0,16.34,176.0,16.35,64.0,24.51,65.0,24.52,14.0,67.66,2.0,68.08,24.0
2021-09-30 09:31:54.481707-04:00,35.25,90.0,35.41,10.0,18.42,588.0,18.43,193.0,16.7,335.0,16.71,755.0,51.67,41.0,51.82,72.0,16.34,176.0,16.35,64.0,24.51,65.0,24.52,14.0,67.66,2.0,68.08,24.0
2021-09-30 09:31:54.481707-04:00,35.25,90.0,35.41,10.0,18.42,87.0,18.43,342.0,16.7,335.0,16.71,755.0,51.67,41.0,51.82,72.0,16.34,176.0,16.35,64.0,24.51,65.0,24.52,14.0,67.66,2.0,68.08,24.0
2021-09-30 09:31:54.481707-04:00,35.25,90.0,35.41,10.0,18.42,87.0,18.43,342.0,16.7,335.0,16.71,755.0,51.68,100.0,51.83,108.0,16.34,176.0,16.35,64.0,24.51,65.0,24.52,14.0,67.66,2.0,68.08,24.0
2021-09-30 09:32:06.513539-04:00,35.25,90.0,35.4,100.0,18.42,87.0,18.43,342.0,16.7,335.0,16.71,755.0,51.68,100.0,51.83,108.0,16.34,176.0,16.35,64.0,24.51,65.0,24.52,14.0,67.66,2.0,68.08,24.0
2021-09-30 09:32:06.513539-04:00,35.25,90.0,35.4,100.0,18.42,87.0,18.43,342.0,16.7,335.0,16.71,755.0,51.68,100.0,51.83,108.0,16.34,193.0,16.35,78.0,24.51,65.0,24.52,14.0,67.66,2.0,68.08,24.0
2021-09-30 09:32:06.513539-04:00,35.25,90.0,35.4,100.0,18.42,87.0,18.43,342.0,16.7,335.0,16.71,755.0,51.68,100.0,51.83,108.0,16.34,193.0,16.35,78.0,24.51,29.0,24.52,14.0,67.66,2.0,68.08,24.0
2021-09-30 09:32:06.513539-04:00,35.25,90.0,35.4,100.0,18.42,87.0,18.43,342.0,16.7,335.0,16.71,755.0,51.68,100.0,51.83,108.0,16.34,193.0,16.35,78.0,24.51,29.0,24.52,14.0,67.66,4.0,68.08,24.0
2021-09-30 09:32:06.513539-04:00,35.25,90.0,35.4,100.0,18.42,87.0,18.43,342.0,16.7,335.0,16.71,1201.0,51.68,100.0,51.83,108.0,16.34,193.0,16.35,78.0,24.51,29.0,24.52,14.0,67.66,4.0,68.08,24.0
2021-09-30 09:32:06.513539-04:00,35.25,90.0,35.4,100.0,18.42,5.0,18.43,741.0,16.7,335.0,16.71,1201.0,51.68,100.0,51.83,108.0,16.34,193.0,16.35,78.0,24.51,29.0,24.52,14.0,67.66,4.0,68.08,24.0
2021-09-30 09:32:06.513539-04:00,35.25,90.0,35.4,100.0,18.42,5.0,18.43,741.0,16.7,335.0,16.71,1201.0,51.68,100.0,51.83,108.0,16.34,193.0,16.35,57.0,24.51,29.0,24.52,14.0,67.66,4.0,68.08,24.0
2021-09-30 09:32:09.542442-04:00,35.25,18.0,35.4,100.0,18.42,5.0,18.43,741.0,16.7,335.0,16.71,1201.0,51.68,100.0,51.83,108.0,16.34,193.0,16.35,57.0,24.51,29.0,24.52,14.0,67.66,4.0,68.08,24.0
2021-09-30 09:32:09.542442-04:00,35.25,18.0,35.4,100.0,18.42,5.0,18.43,741.0,16.7,335.0,16.71,1201.0,51.68,100.0,51.83,108.0,16.34,193.0,16.35,57.0,24.51,49.0,24.52,14.0,67.66,4.0,68.08,24.0
2021-09-30 09:32:09.542442-04:00,35.25,18.0,35.4,100.0,18.42,5.0,18.43,741.0,16.7,335.0,16.71,1201.0,51.68,95.0,51.83,108.0,16.34,193.0,16.35,57.0,24.51,49.0,24.52,14.0,67.66,4.0,68.08,24.0
2021-09-30 09:32:09.542442-04:00,35.25,18.0,35.4,100.0,18.42,5.0,18.43,741.0,16.7,335.0,16.71,1201.0,51.68,95.0,51.83,108.0,16.34,193.0,16.35,57.0,24.51,49.0,24.52,14.0,67.66,2.0,68.07,24.0
2021-09-30 09:32:09.542442-04:00,35.25,18.0,35.4,100.0,18.42,5.0,18.43,741.0,16.7,335.0,16.71,1201.0,51.68,5.0,51.82,90.0,16.34,193.0,16.35,57.0,24.51,49.0,24.52,14.0,67.66,2.0,68.07,24.0
2021-09-30 09:32:29.260722-04:00,35.25,90.0,35.4,5.0,18.42,5.0,18.43,741.0,16.7,335.0,16.71,1201.0,51.68,5.0,51.82,90.0,16.34,193.0,16.35,57.0,24.51,49.0,24.52,14.0,67.66,2.0,68.07,24.0
2021-09-30 09:32:29.260722-04:00,35.25,90.0,35.4,5.0,18.42,5.0,18.43,741.0,16.7,335.0,16.71,1201.0,51.68,5.0,51.82,90.0,16.34,193.0,16.35,57.0,24.51,78.0,24.52,14.0,67.66,2.0,68.07,24.0
2021-09-30 09:32:29.260722-04:00,35.25,90.0,35.4,5.0,18.42,5.0,18.43,741.0,16.71,1086.0,16.72,2151.0,51.68,5.0,51.82,90.0,16.34,193.0,16.35,57.0,24.51,78.0,24.52,14.0,67.66,2.0,68.07,24.0
2021-09-30 09:32:29.260722-04:00,35.25,90.0,35.4,5.0,18.42,735.0,18.44,1296.0,16.71,1086.0,16.72,2151.0,51.68,5.0,51.82,90.0,16.34,193.0,16.35,57.0,24.51,78.0,24.52,14.0,67.66,2.0,68.07,24.0
2021-09-30 09:32:29.260722-04:00,35.25,90.0,35.4,5.0,18.42,735.0,18.44,1296.0,16.71,1086.0,16.72,2151.0,51.68,5.0,51.82,90.0,16.34,174.0,16.36,71.0,24.51,78.0,24.52,14.0,67.66,2.0,68.07,24.0
2021-09-30 09:32:29.260722-04:00,35.25,90.0,35.4,5.0,18.42,735.0,18.44,1296.0,16.71,1086.0,16.72,2151.0,51.68,5.0,51.82,90.0,16.34,174.0,16.36,68.0,24.51,78.0,24.52,14.0,67.66,2.0,68.07,24.0
2021-09-30 09:32:29.260722-04:00,35.25,90.0,35.4,5.0,18.42,735.0,18.44,1296.0,16.71,1086.0,16.72,2151.0,51.68,5.0,51.82,90.0,16.34,174.0,16.36,68.0,24.51,70.0,24.52,14.0,67.66,2.0,68.07,24.0
2021-09-30 09:32:29.260722-04:00,35.25,90.0,35.4,5.0,18.42,735.0,18.44,1296.0,16.71,181.0,16.71,31.0,51.68,5.0,51.82,90.0,16.34,174.0,16.36,68.0,24.51,70.0,24.52,14.0,67.66,2.0,68.07,24.0
2021-09-30 09:32:29.260722-04:00,35.25,90.0,35.4,5.0,18.42,589.0,18.43,268.0,16.71,181.0,16.71,31.0,51.68,5.0,51.82,90.0,16.34,174.0,16.36,68.0,24.51,70.0,24.52,14.0,67.66,2.0,68.07,24.0
2021-09-30 09:32:29.260722-04:00,35.25,90.0,35.4,5.0,18.42,589.0,18.43,268.0,16.71,181.0,16.71,31.0,51.68,5.0,51.82,90.0,16.34,174.0,16.36,68.0,24.51,60.0,24.52,14.0,67.66,2.0,68.07,24.0
2021-09-30 09:32:29.260722-04:00,35.25,90.0,35.4,5.0,18.42,589.0,18.43,268.0,16.7,508.0,16.71,969.0,51.68,5.0,51.82,90.0,16.34,174.0,16.36,68.0,24.51,60.0,24.52,14.0,67.66,2.0,68.07,24.0
2021-09-30 09:32:29.260722-04:00,35.25,90.0,35.4,5.0,18.42,589.0,18.43,268.0,16.7,508.0,16.71,969.0,51.68,5.0,51.82,90.0,16.34,174.0,16.35,69.0,24.51,60.0,24.52,14.0,67.66,2.0,68.07,24.0
2021-09-30 09:32:48.476347-04:00,35.24,90.0,35.39,23.0,18.42,589.0,18.43,268.0,16.7,508.0,16.71,969.0,51.68,5.0,51.82,90.0,16.34,174.0,16.35,69.0,24.51,60.0,24.52,14.0,67.66,2.0,68.07,24.0
2021-09-30 09:32:48.476347-04:00,35.24,90.0,35.39,23.0,18.42,5.0,18.43,747.0,16.7,508.0,16.71,969.0,51.68,5.0,51.82,90.0,16.34,174.0,16.35,69.0,24.51,60.0,24.52,14.0,67.66,2.0,68.07,24.0
2021-09-30 09:32:48.476347-04:00,35.24,90.0,35.39,23.0,18.42,5.0,18.43,747.0,16.7,508.0,16.71,969.0,51.69,95.0,51.84,36.0,16.34,174.0,16.35,69.0,24.51,60.0,24.52,14.0,67.66,2.0,68.07,24.0
2021-09-30 09:32:48.476347-04:00,35.24,90.0,35.39,23.0,18.42,5.0,18.43,736.0,16.7,508.0,16.71,969.0,51.69,95.0,51.84,36.0,16.34,174.0,16.35,69.0,24.51,60.0,24.52,14.0,67.66,2.0,68.07,24.0
2021-09-30 09:32:48.476347-04:00,35.24,90.0,35.39,23.0,18.42,5.0,18.43,736.0,16.7,508.0,16.71,969.0,51.69,95.0,51.84,36.0,16.34,174.0,16.35,69.0,24.51,55.0,24.52,14.0,67.66,2.0,68.07,24.0
2021-09-30 09:32:48.476347-04:00,35.24,90.0,35.39,23.0,18.42,5.0,18.43,736.0,16.7,508.0,16.71,969.0,51.69,95.0,51.84,36.0,16.34,156.0,16.35,57.0,24.51,55.0,24.52,14.0,67.66,2.0,68.07,24.0
2021-09-30 09:32:48.476347-04:00,35.24,90.0,35.39,23.0,18.42,5.0,18.43,736.0,16.7,508.0,16.71,969.0,51.69,95.0,51.84,54.0,16.34,156.0,16.35,57.0,24.51,55.0,24.52,14.0,67.66,2.0,68.07,24.0
2021-09-30 09:32:56.496905-04:00,35.23,90.0,35.39,23.0,18.42,5.0,18.43,736.0,16.7,508.0,16.71,969.0,51.69,95.0,51.84,54.0,16.34,156.0,16.35,57.0,24.51,55.0,24.52,14.0,67.66,2.0,68.07,24.0
2021-09-30 09:32:56.496905-04:00,35.23,90.0,35.39,23.0,18.42,5.0,18.43,736.0,16.7,1767.0,16.71,969.0,51.69,95.0,51.84,54.0,16.34,156.0,16.35,57.0,24.51,55.0,24.52,14.0,67.66,2.0,68.07,24.0
2021-09-30 09:32:56.496905-04:00,35.23,90.0,35.39,23.0,18.42,5.0,18.43,736.0,16.7,1767.0,16.71,969.0,51.69,95.0,51.84,54.0,16.34,156.0,16.35,63.0,24.51,55.0,24.52,14.0,67.66,2.0,68.07,24.0
2021-09-30 09:32:56.496905-04:00,35.23,90.0,35.39,23.0,18.42,5.0,18.43,736.0,16.7,1767.0,16.71,969.0,51.69,95.0,51.84,54.0,16.34,156.0,16.35,63.0,24.51,12.0,24.52,14.0,67.66,2.0,68.07,24.0
2021-09-30 09:33:17.460854-04:00,35.23,90.0,35.39,41.0,18.42,5.0,18.43,736.0,16.7,1767.0,16.71,969.0,51.69,95.0,51.84,54.0,16.34,156.0,16.35,63.0,24.51,12.0,24.52,14.0,67.66,2.0,68.07,24.0
2021-09-30 09:33:17.460854-04:00,35.23,90.0,35.39,41.0,18.42,5.0,18.43,736.0,16.7,1767.0,16.71,969.0,51.69,95.0,51.84,54.0,16.34,156.0,16.35,63.0,24.51,13.0,24.52,14.0,67.66,2.0,68.07,24.0
2021-09-30 09:33:17.460854-04:00,35.23,90.0,35.39,41.0,18.41,901.0,18.42,1.0,16.7,1767.0,16.71,969.0,51.69,95.0,51.84,54.0,16.34,156.0,16.35,63.0,24.51,13.0,24.52,14.0,67.66,2.0,68.07,24.0
2021-09-30 09:33:17.460854-04:00,35.23,90.0,35.39,41.0,18.41,901.0,18.42,1.0,16.7,1794.0,16.71,1103.0,51.69,95.0,51.84,54.0,16.34,156.0,16.35,63.0,24.51,13.0,24.52,14.0,67.66,2.0,68.07,24.0
2021-09-30 09:33:17.460854-04:00,35.23,90.0,35.39,41.0,18.41,901.0,18.42,1.0,16.7,1794.0,16.71,1103.0,51.69,95.0,51.84,54.0,16.34,183.0,16.35,78.0,24.51,13.0,24.52,14.0,67.66,2.0,68.07,24.0
2021-09-30 09:33:17.460854-04:00,35.23,90.0,35.39,41.0,18.41,901.0,18.42,1.0,16.7,1794.0,16.71,1103.0,51.69,95.0,51.84,54.0,16.34,183.0,16.35,78.0,24.51,26.0,24.52,14.0,67.66,2.0,68.07,24.0
2021-09-30 09:33:17.460854-04:00,35.23,90.0,35.39,41.0,18.41,427.0,18.42,1.0,16.7,1794.0,16.71,1103.0,51.69,95.0,51.84,54.0,16.34,183.0,16.35,78.0,24.51,26.0,24.52,14.0,67.66,2.0,68.07,24.0
2021-09-30 09:33:17.460854-04:00,35.23,90.0,35.39,41.0,18.41,427.0,18.42,1.0,16.7,1613.0,16.71,1103.0,51.69,95.0,51.84,54.0,16.34,183.0,16.35,78.0,24.51,26.0,24.52,14.0,67.66,2.0,68.07,24.0
2021-09-30 09:33:36.467040-04:00,35.25,90.0,35.39,5.0,18.41,427.0,18.42,1.0,16.7,1613.0,16.71,1103.0,51.69,95.0,51.84,54.0,16.34,183.0,16.35,78.0,24.51,8.0,24.52,14.0,67.66,2.0,68.07,24.0
2021-09-30 09:33:36.467040-04:00,35.25,90.0,35.39,5.0,18.41,427.0,18.42,1.0,16.7,1613.0,16.71,1103.0,51.69,5.0,51.83,90.0,16.34,183.0,16.35,78.0,24.51,8.0,24.52,14.0,67.66,2.0,68.07,24.0
2021-09-30 09:33:36.467040-04:00,35.25,90.0,35.39,5.0,18.41,427.0,18.42,1.0,16.7,1613.0,16.71,1103.0,51.69,5.0,51.83,90.0,16.34,199.0,16.35,61.0,24.51,8.0,24.52,14.0,67.66,4.0,68.07,24.0
2021-09-30 09:33:36.467040-04:00,35.25,90.0,35.39,5.0,18.42,740.0,18.43,140.0,16.7,1613.0,16.71,1103.0,51.69,5.0,51.83,90.0,16.34,199.0,16.35,61.0,24.51,8.0,24.52,14.0,67.66,4.0,68.07,24.0
2021-09-30 09:33:36.467040-04:00,35.25,90.0,35.39,5.0,18.42,740.0,18.43,140.0,16.7,1788.0,16.71,102.0,51.69,5.0,51.83,90.0,16.34,199.0,16.35,61.0,24.51,8.0,24.52,14.0,67.66,4.0,68.07,24.0
2021-09-30 09:33:36.467040-04:00,35.25,90.0,35.39,5.0,18.42,740.0,18.43,140.0,16.7,1788.0,16.71,102.0,51.69,5.0,51.83,90.0,16.34,199.0,16.35,61.0,24.51,8.0,24.52,14.0,67.66,2.0,68.07,24.0
2021-09-30 09:33:36.467040-04:00,35.25,90.0,35.39,5.0,18.42,860.0,18.44,899.0,16.71,950.0,16.72,2093.0,51.69,5.0,51.82,90.0,16.34,199.0,16.35,61.0,24.51,8.0,24.52,14.0,67.66,2.0,68.07,24.0
2021-09-30 09:33:55.431335-04:00,35.26,18.0,35.39,5.0,18.42,860.0,18.44,899.0,16.71,950.0,16.72,2093.0,51.69,5.0,51.82,90.0,16.34,199.0,16.35,61.0,24.51,8.0,24.52,14.0,67.66,2.0,68.07,24.0
2021-09-30 09:33:55.431335-04:00,35.26,18.0,35.39,5.0,18.42,860.0,18.44,899.0,16.71,950.0,16.72,2093.0,51.69,5.0,51.82,90.0,16.34,199.0,16.35,61.0,24.51,25.0,24.52,14.0,67.66,2.0,68.07,24.0
2021-09-30 09:33:55.431335-04:00,35.26,18.0,35.39,5.0,18.42,860.0,18.44,899.0,16.71,950.0,16.72,2093.0,51.69,5.0,51.82,90.0,16.34,152.0,16.35,67.0,24.51,25.0,24.52,14.0,67.66,2.0,68.07,24.0
2021-09-30 09:33:55.431335-04:00,35.26,18.0,35.39,5.0,18.42,860.0,18.44,899.0,16.7,546.0,16.71,607.0,51.69,5.0,51.82,90.0,16.34,152.0,16.35,67.0,24.51,25.0,24.52,14.0,67.66,2.0,68.07,24.0
2021-09-30 09:33:55.431335-04:00,35.26,18.0,35.39,5.0,18.42,502.0,18.43,743.0,16.7,546.0,16.71,607.0,51.69,5.0,51.82,90.0,16.34,152.0,16.35,67.0,24.51,25.0,24.52,14.0,67.66,2.0,68.07,24.0
2021-09-30 09:33:55.431335-04:00,35.26,18.0,35.39,5.0,18.42,502.0,18.43,743.0,16.7,546.0,16.71,607.0,51.69,5.0,51.82,90.0,16.34,152.0,16.35,67.0,24.51,25.0,24.52,14.0,67.66,2.0,68.08,24.0
2021-09-30 09:33:55.431335-04:00,35.26,18.0,35.39,5.0,18.42,502.0,18.43,743.0,16.7,546.0,16.71,607.0,51.69,5.0,51.83,90.0,16.34,152.0,16.35,67.0,24.51,25.0,24.52,14.0,67.66,2.0,68.08,24.0
2021-09-30 09:34:03.317251-04:00,35.24,72.0,35.39,5.0,18.42,502.0,18.43,743.0,16.7,546.0,16.71,607.0,51.69,5.0,51.83,90.0,16.34,152.0,16.35,67.0,24.51,25.0,24.52,14.0,67.66,2.0,68.08,24.0
2021-09-30 09:34:03.317251-04:00,35.24,72.0,35.39,5.0,18.42,502.0,18.43,743.0,16.7,1595.0,16.71,1246.0,51.69,5.0,51.83,90.0,16.34,152.0,16.35,67.0,24.51,25.0,24.52,14.0,67.66,2.0,68.08,24.0
2021-09-30 09:34:03.317251-04:00,35.24,72.0,35.39,5.0,18.42,10.0,18.43,997.0,16.7,1595.0,16.71,1246.0,51.69,5.0,51.83,90.0,16.34,152.0,16.35,67.0,24.51,25.0,24.52,14.0,67.66,2.0,68.08,24.0
2021-09-30 09:34:03.317251-04:00,35.24,72.0,35.39,5.0,18.42,10.0,18.43,997.0,16.7,1595.0,16.71,1246.0,51.69,5.0,51.83,90.0,16.34,199.0,16.35,82.0,24.51,25.0,24.52,14.0,67.66,2.0,68.08,24.0
2021-09-30 09:34:03.317251-04:00,35.24,72.0,35.39,5.0,18.42,10.0,18.43,997.0,16.7,1595.0,16.71,1246.0,51.69,5.0,51.83,90.0,16.34,199.0,16.35,82.0,24.51,25.0,24.52,14.0,67.66,9.0,68.08,24.0
2021-09-30 09:34:03.317251-04:00,35.24,72.0,35.39,5.0,18.42,10.0,18.43,997.0,16.7,1595.0,16.71,1246.0,51.69,5.0,51.83,90.0,16.34,199.0,16.35,82.0,24.51,54.0,24.52,14.0,67.66,9.0,68.08,24.0
2021-09-30 09:34:03.317251-04:00,35.24,72.0,35.39,5.0,18.42,10.0,18.43,997.0,16.7,1595.0,16.71,1246.0,51.69,5.0,51.83,90.0,16.34,199.0,16.35,82.0,24.51,54.0,24.52,14.0,67.67,4.0,68.09,24.0
2021-09-30 09:34:03.317251-04:00,35.24,72.0,35.39,5.0,18.42,10.0,18.43,997.0,16.7,1595.0,16.71,1246.0,51.69,59.0,51.84,72.0,16.34,199.0,16.35,82.0,24.51,54.0,24.52,14.0,67.67,4.0,68.09,24.0
2021-09-30 09:34:16.671548-04:00,35.24,18.0,35.39,59.0,18.42,10.0,18.43,997.0,16.7,1595.0,16.71,1246.0,51.69,59.0,51.84,72.0,16.34,199.0,16.35,82.0,24.51,54.0,24.52,14.0,67.67,4.0,68.09,24.0
2021-09-30 09:34:16.671548-04:00,35.24,18.0,35.39,59.0,18.42,10.0,18.43,997.0,16.7,1595.0,16.71,1246.0,51.69,59.0,51.84,72.0,16.34,199.0,16.35,82.0,24.5,76.0,24.52,14.0,67.67,4.0,68.09,24.0
2021-09-30 09:34:16.671548-04:00,35.24,18.0,35.39,59.0,18.42,10.0,18.43,997.0,16.7,1253.0,16.71,1791.0,51.69,59.0,51.84,72.0,16.34,199.0,16.35,82.0,24.5,76.0,24.52,14.0,67.67,4.0,68.09,24.0
2021-09-30 09:34:16.671548-04:00,35.24,18.0,35.39,59.0,18.41,578.0,18.43,1122.0,16.7,1253.0,16.71,1791.0,51.69,59.0,51.84,72.0,16.34,199.0,16.35,82.0,24.5,76.0,24.52,14.0,67.67,4.0,68.09,24.0
2021-09-30 09:34:16.671548-04:00,35.24,18.0,35.39,59.0,18.41,578.0,18.43,1122.0,16.7,1253.0,16.71,1791.0,51.69,59.0,51.84,72.0,16.34,18.0,16.35,83.0,24.5,76.0,24.52,14.0,67.67,4.0,68.09,24.0
2021-09-30 09:34:24.508597-04:00,35.23,18.0,35.37,5.0,18.41,578.0,18.43,1122.0,16.7,1253.0,16.71,1791.0,51.69,59.0,51.84,72.0,16.34,18.0,16.35,83.0,24.5,76.0,24.52,14.0,67.67,4.0,68.09,24.0
2021-09-30 09:34:24.508597-04:00,35.23,18.0,35.37,5.0,18.41,578.0,18.43,1122.0,16.7,1253.0,16.71,1791.0,51.69,59.0,51.84,72.0,16.34,18.0,16.35,83.0,24.5,76.0,24.52,144.0,67.67,4.0,68.09,24.0
2021-09-30 09:34:24.508597-04:00,35.23,18.0,35.37,5.0,18.41,578.0,18.43,1122.0,16.7,1253.0,16.71,1791.0,51.69,59.0,51.84,72.0,16.33,118.0,16.35,83.0,24.5,76.0,24.52,144.0,67.67,4.0,68.09,24.0
2021-09-30 09:34:24.508597-04:00,35.23,18.0,35.37,5.0,18.41,578.0,18.43,1122.0,16.7,1790.0,16.71,1610.0,51.69,59.0,51.84,72.0,16.33,118.0,16.35,83.0,24.5,76.0,24.52,144.0,67.67,4.0,68.09,24.0
2021-09-30 09:34:24.508597-04:00,35.23,18.0,35.37,5.0,18.41,410.0,18.42,442.0,16.7,1790.0,16.71,1610.0,51.71,5.0,51.85,108.0,16.33,118.0,16.35,83.0,24.5,76.0,24.52,144.0,67.67,4.0,68.09,24.0
2021-09-30 09:34:32.530149-04:00,35.24,18.0,35.38,5.0,18.41,410.0,18.42,442.0,16.7,1790.0,16.71,1610.0,51.71,5.0,51.85,108.0,16.33,118.0,16.35,83.0,24.5,76.0,24.52,144.0,67.67,4.0,68.09,24.0
2021-09-30 09:34:32.530149-04:00,35.24,18.0,35.38,5.0,18.41,410.0,18.42,442.0,16.7,1963.0,16.71,1791.0,51.71,5.0,51.85,108.0,16.33,118.0,16.35,83.0,24.5,76.0,24.52,144.0,67.67,4.0,68.09,24.0
2021-09-30 09:34:32.530149-04:00,35.24,18.0,35.38,5.0,18.41,410.0,18.42,442.0,16.7,1963.0,16.71,1791.0,51.71,5.0,51.85,108.0,16.33,118.0,16.35,83.0,24.5,76.0,24.52,184.0,67.67,4.0,68.09,24.0
2021-09-30 09:34:32.530149-04:00,35.24,18.0,35.38,5.0,18.42,82.0,18.43,833.0,16.7,1963.0,16.71,1791.0,51.71,5.0,51.85,108.0,16.33,118.0,16.35,83.0,24.5,76.0,24.52,184.0,67.67,4.0,68.09,24.0
2021-09-30 09:34:32.530149-04:00,35.24,18.0,35.38,5.0,18.42,82.0,18.43,833.0,16.7,1963.0,16.71,1791.0,51.71,5.0,51.84,90.0,16.33,118.0,16.35,83.0,24.5,76.0,24.52,184.0,67.67,4.0,68.09,24.0
2021-09-30 09:34:32.530149-04:00,35.24,18.0,35.38,5.0,18.42,82.0,18.43,833.0,16.7,1963.0,16.71,1791.0,51.71,5.0,51.84,90.0,16.33,118.0,16.35,83.0,24.5,76.0,24.52,184.0,67.67,2.0,68.09,24.0
2021-09-30 09:34:32.530149-04:00,35.24,18.0,35.38,5.0,18.42,82.0,18.43,833.0,16.7,2012.0,16.71,849.0,51.71,5.0,51.84,90.0,16.33,118.0,16.35,83.0,24.5,76.0,24.52,184.0,67.67,2.0,68.09,24.0
2021-09-30 09:34:32.530149-04:00,35.24,18.0,35.38,5.0,18.42,82.0,18.43,833.0,16.7,2012.0,16.71,849.0,51.71,5.0,51.84,90.0,16.33,118.0,16.35,83.0,24.5,76.0,24.52,259.0,67.67,2.0,68.09,24.0
2021-09-30 09:34:32.530149-04:00,35.24,18.0,35.38,5.0,18.42,82.0,18.43,892.0,16.7,2012.0,16.71,849.0,51.71,5.0,51.84,90.0,16.33,118.0,16.35,83.0,24.5,76.0,24.52,259.0,67.67,2.0,68.09,24.0
2021-09-30 09:34:32.530149-04:00,35.24,18.0,35.38,5.0,18.42,82.0,18.43,892.0,16.7,1218.0,16.71,934.0,51.71,5.0,51.84,90.0,16.33,118.0,16.35,83.0,24.5,76.0,24.52,308.0,67.67,2.0,68.09,24.0
2021-09-30 09:34:32.530149-04:00,35.24,18.0,35.38,5.0,18.41,493.0,18.43,825.0,16.7,1218.0,16.71,934.0,51.71,5.0,51.84,90.0,16.33,118.0,16.35,83.0,24.5,76.0,24.52,308.0,67.67,2.0,68.09,24.0
2021-09-30 09:35:06.621004-04:00,35.25,90.0,35.38,5.0,18.41,493.0,18.43,825.0,16.7,1218.0,16.71,934.0,51.71,5.0,51.84,90.0,16.33,118.0,16.35,83.0,24.5,76.0,24.52,308.0,67.67,2.0,68.09,24.0
2021-09-30 09:35:06.621004-04:00,35.25,90.0,35.38,5.0,18.41,493.0,18.43,825.0,16.7,2123.0,16.71,490.0,51.71,5.0,51.84,90.0,16.33,118.0,16.35,83.0,24.5,76.0,24.52,63.0,67.67,2.0,68.09,24.0
2021-09-30 09:35:06.621004-04:00,35.25,90.0,35.38,5.0,18.42,510.0,18.43,416.0,16.7,2123.0,16.71,490.0,51.71,5.0,51.84,90.0,16.33,118.0,16.35,83.0,24.5,76.0,24.52,63.0,67.67,2.0,68.09,24.0
2021-09-30 09:35:06.621004-04:00,35.25,90.0,35.38,5.0,18.42,510.0,18.43,416.0,16.7,2123.0,16.71,490.0,51.71,5.0,51.82,18.0,16.33,118.0,16.35,83.0,24.5,76.0,24.52,63.0,67.67,2.0,68.09,24.0
2021-09-30 09:35:06.621004-04:00,35.25,90.0,35.38,5.0,18.42,510.0,18.43,416.0,16.7,2123.0,16.71,490.0,51.71,5.0,51.82,18.0,16.34,16.0,16.35,83.0,24.5,76.0,24.52,63.0,67.67,2.0,68.09,24.0
2021-09-30 09:35:06.621004-04:00,35.25,90.0,35.38,5.0,18.42,510.0,18.43,416.0,16.7,2123.0,16.71,490.0,51.71,5.0,51.82,18.0,16.34,16.0,16.35,83.0,24.5,76.0,24.52,23.0,67.67,2.0,68.09,24.0
2021-09-30 09:35:06.621004-04:00,35.25,90.0,35.38,5.0,18.42,510.0,18.43,416.0,16.7,2123.0,16.71,490.0,51.71,5.0,51.82,18.0,16.34,16.0,16.35,83.0,24.5,76.0,24.52,23.0,67.67,9.0,68.09,24.0
2021-09-30 09:35:06.621004-04:00,35.25,90.0,35.38,5.0,18.42,510.0,18.43,416.0,16.7,2123.0,16.71,490.0,51.71,5.0,51.83,90.0,16.34,16.0,16.35,83.0,24.5,76.0,24.52,23.0,67.67,9.0,68.09,24.0
2021-09-30 09:35:06.621004-04:00,35.25,90.0,35.38,5.0,18.42,510.0,18.43,416.0,16.7,1948.0,16.71,481.0,51.71,5.0,51.83,90.0,16.34,16.0,16.35,83.0,24.5,76.0,24.52,23.0,67.67,9.0,68.09,24.0
2021-09-30 09:35:06.621004-04:00,35.25,90.0,35.38,5.0,18.42,510.0,18.43,416.0,16.7,1948.0,16.71,481.0,51.71,5.0,51.83,90.0,16.34,32.0,16.35,76.0,24.5,76.0,24.52,23.0,67.67,9.0,68.09,24.0
2021-09-30 09:35:06.621004-04:00,35.25,90.0,35.38,5.0,18.42,515.0,18.43,372.0,16.7,1948.0,16.71,481.0,51.71,5.0,51.83,90.0,16.34,32.0,16.35,76.0,24.5,76.0,24.52,23.0,67.67,9.0,68.09,24.0
2021-09-30 09:35:06.621004-04:00,35.25,90.0,35.38,5.0,18.42,515.0,18.43,372.0,16.7,1948.0,16.71,119.0,51.71,5.0,51.83,90.0,16.34,32.0,16.35,76.0,24.5,76.0,24.52,23.0,67.67,9.0,68.09,24.0
2021-09-30 09:35:06.621004-04:00,35.25,90.0,35.38,5.0,18.42,515.0,18.43,208.0,16.7,1948.0,16.71,119.0,51.71,5.0,51.83,90.0,16.34,32.0,16.35,76.0,24.5,76.0,24.52,23.0,67.67,9.0,68.09,24.0
2021-09-30 09:35:06.621004-04:00,35.25,90.0,35.38,5.0,18.42,515.0,18.43,208.0,16.7,1948.0,16.71,119.0,51.71,5.0,51.83,90.0,16.34,66.0,16.35,76.0,24.5,76.0,24.52,23.0,67.67,9.0,68.09,24.0
2021-09-30 09:35:06.621004-04:00,35.25,90.0,35.38,5.0,18.42,515.0,18.43,208.0,16.7,1948.0,16.71,119.0,51.71,5.0,51.82,18.0,16.34,66.0,16.35,76.0,24.5,76.0,24.52,23.0,67.67,9.0,68.09,24.0
2021-09-30 09:35:06.621004-04:00,35.25,90.0,35.38,5.0,18.42,515.0,18.43,208.0,16.7,1948.0,16.71,119.0,51.71,5.0,51.82,18.0,16.34,23.0,16.35,85.0,24.5,76.0,24.52,23.0,67.67,4.0,68.09,24.0
2021-09-30 09:35:06.621004-04:00,35.25,90.0,35.38,5.0,18.42,515.0,18.43,208.0,16.71,362.0,16.71,120.0,51.71,5.0,51.82,18.0,16.34,23.0,16.35,85.0,24.5,76.0,24.52,23.0,67.67,4.0,68.09,24.0
2021-09-30 09:35:06.621004-04:00,35.25,90.0,35.38,5.0,18.42,509.0,18.43,525.0,16.71,362.0,16.71,120.0,51.71,5.0,51.82,18.0,16.34,23.0,16.35,85.0,24.5,76.0,24.52,23.0,67.67,4.0,68.09,24.0
2021-09-30 09:35:06.621004-04:00,35.25,90.0,35.38,5.0,18.42,509.0,18.43,525.0,16.71,362.0,16.71,120.0,51.71,5.0,51.82,18.0,16.34,15.0,16.35,73.0,24.5,76.0,24.52,23.0,67.67,4.0,68.09,24.0
2021-09-30 09:35:06.621004-04:00,35.25,90.0,35.38,5.0,18.42,509.0,18.43,525.0,16.71,362.0,16.71,120.0,51.71,5.0,51.82,90.0,16.34,15.0,16.35,73.0,24.5,76.0,24.52,23.0,67.67,4.0,68.09,24.0
2021-09-30 09:35:06.621004-04:00,35.25,90.0,35.38,5.0,18.42,571.0,18.43,96.0,16.71,905.0,16.72,2124.0,51.71,5.0,51.82,90.0,16.34,15.0,16.35,73.0,24.5,76.0,24.52,23.0,67.67,4.0,68.09,24.0
2021-09-30 09:35:06.621004-04:00,35.25,90.0,35.38,5.0,18.42,571.0,18.43,96.0,16.71,905.0,16.72,2124.0,51.71,5.0,51.82,90.0,16.34,17.0,16.35,73.0,24.5,76.0,24.52,23.0,67.67,4.0,68.09,24.0
2021-09-30 09:35:57.505957-04:00,35.25,18.0,35.38,5.0,18.42,571.0,18.43,96.0,16.71,905.0,16.72,2124.0,51.71,5.0,51.82,90.0,16.34,17.0,16.35,73.0,24.5,76.0,24.52,23.0,67.67,4.0,68.09,24.0
2021-09-30 09:35:57.505957-04:00,35.25,18.0,35.38,5.0,18.42,571.0,18.43,96.0,16.71,905.0,16.72,2124.0,51.71,5.0,51.83,90.0,16.34,17.0,16.35,73.0,24.5,76.0,24.52,23.0,67.67,4.0,68.09,24.0
2021-09-30 09:35:57.505957-04:00,35.25,18.0,35.38,5.0,18.42,571.0,18.43,96.0,16.7,1977.0,16.71,700.0,51.71,5.0,51.83,90.0,16.34,17.0,16.35,73.0,24.5,76.0,24.52,23.0,67.67,4.0,68.09,24.0
2021-09-30 09:35:57.505957-04:00,35.25,18.0,35.38,5.0,18.42,164.0,18.43,290.0,16.7,1977.0,16.71,700.0,51.71,5.0,51.83,90.0,16.34,17.0,16.35,73.0,24.5,76.0,24.52,23.0,67.67,4.0,68.09,24.0
2021-09-30 09:35:57.505957-04:00,35.25,18.0,35.38,5.0,18.42,164.0,18.43,290.0,16.7,1251.0,16.71,1821.0,51.71,5.0,51.83,90.0,16.34,17.0,16.35,73.0,24.5,76.0,24.52,23.0,67.67,4.0,68.09,24.0
2021-09-30 09:35:57.505957-04:00,35.25,18.0,35.38,5.0,18.42,82.0,18.43,1065.0,16.7,1251.0,16.71,1821.0,51.71,5.0,51.83,90.0,16.34,17.0,16.35,73.0,24.5,76.0,24.52,23.0,67.67,4.0,68.09,24.0
2021-09-30 09:35:57.505957-04:00,35.25,18.0,35.38,5.0,18.42,82.0,18.43,1065.0,16.7,1251.0,16.71,1821.0,51.71,5.0,51.83,90.0,16.34,21.0,16.35,73.0,24.5,76.0,24.52,23.0,67.67,4.0,68.09,24.0
2021-09-30 09:35:57.505957-04:00,35.25,18.0,35.38,5.0,18.42,82.0,18.43,1065.0,16.7,1251.0,16.71,1821.0,51.71,5.0,51.83,90.0,16.34,21.0,16.35,73.0,24.5,76.0,24.52,23.0,67.67,2.0,68.09,24.0
2021-09-30 09:35:57.505957-04:00,35.25,18.0,35.38,5.0,18.41,467.0,18.42,2.0,16.7,1251.0,16.71,1821.0,51.71,5.0,51.83,90.0,16.34,21.0,16.35,73.0,24.5,76.0,24.52,23.0,67.67,2.0,68.09,24.0
2021-09-30 09:36:25.582892-04:00,35.24,90.0,35.38,5.0,18.41,467.0,18.42,2.0,16.7,1251.0,16.71,1821.0,51.71,5.0,51.83,90.0,16.34,21.0,16.35,73.0,24.5,76.0,24.52,23.0,67.67,2.0,68.09,24.0
2021-09-30 09:36:25.582892-04:00,35.24,90.0,35.38,5.0,18.41,467.0,18.42,2.0,16.7,1251.0,16.71,1821.0,51.71,5.0,51.83,90.0,16.34,21.0,16.35,73.0,24.5,76.0,24.52,23.0,67.67,9.0,68.09,24.0
2021-09-30 09:36:25.582892-04:00,35.24,90.0,35.38,5.0,18.41,467.0,18.42,2.0,16.7,1251.0,16.71,1821.0,51.71,5.0,51.83,18.0,16.34,21.0,16.35,73.0,24.5,76.0,24.52,23.0,67.67,9.0,68.09,24.0
2021-09-30 09:36:25.582892-04:00,35.24,90.0,35.38,5.0,18.41,467.0,18.42,2.0,16.7,1251.0,16.71,1821.0,51.71,5.0,51.83,18.0,16.33,138.0,16.35,73.0,24.5,76.0,24.52,23.0,67.67,9.0,68.09,24.0
2021-09-30 09:36:25.582892-04:00,35.24,90.0,35.38,5.0,18.41,467.0,18.42,2.0,16.7,1671.0,16.71,1825.0,51.71,5.0,51.83,18.0,16.33,138.0,16.35,73.0,24.5,76.0,24.52,214.0,67.67,9.0,68.09,24.0
2021-09-30 09:36:25.582892-04:00,35.24,90.0,35.38,5.0,18.41,410.0,18.42,16.0,16.7,1671.0,16.71,1825.0,51.71,5.0,51.83,18.0,16.33,138.0,16.35,73.0,24.5,76.0,24.52,214.0,67.67,9.0,68.09,24.0
2021-09-30 09:36:25.582892-04:00,35.24,90.0,35.38,5.0,18.41,456.0,18.42,87.0,16.7,1671.0,16.71,1825.0,51.71,5.0,51.83,18.0,16.33,138.0,16.35,73.0,24.5,76.0,24.52,214.0,67.67,9.0,68.09,24.0
2021-09-30 09:36:25.582892-04:00,35.24,90.0,35.38,5.0,18.41,456.0,18.42,87.0,16.7,1671.0,16.71,1825.0,51.71,5.0,51.83,18.0,16.33,138.0,16.35,73.0,24.5,76.0,24.52,246.0,67.67,9.0,68.09,24.0
2021-09-30 09:36:25.582892-04:00,35.24,90.0,35.38,5.0,18.41,456.0,18.42,87.0,16.7,1671.0,16.71,1825.0,51.71,5.0,51.83,18.0,16.33,138.0,16.35,73.0,24.5,76.0,24.52,197.0,67.67,9.0,68.09,24.0
2021-09-30 09:36:25.582892-04:00,35.24,90.0,35.38,5.0,18.41,456.0,18.42,87.0,16.7,1832.0,16.71,1825.0,51.71,5.0,51.83,18.0,16.33,138.0,16.35,73.0,24.5,76.0,24.52,197.0,67.67,9.0,68.09,24.0
2021-09-30 09:36:25.582892-04:00,35.24,90.0,35.38,5.0,18.41,776.0,18.43,969.0,16.7,1832.0,16.71,1825.0,51.71,5.0,51.83,18.0,16.33,138.0,16.35,73.0,24.5,76.0,24.52,197.0,67.67,9.0,68.09,24.0
2021-09-30 09:36:25.582892-04:00,35.24,90.0,35.38,5.0,18.41,776.0,18.43,969.0,16.7,1832.0,16.71,1825.0,51.71,5.0,51.83,18.0,16.33,138.0,16.35,73.0,24.5,76.0,24.52,88.0,67.67,9.0,68.09,24.0
2021-09-30 09:36:25.582892-04:00,35.24,90.0,35.38,5.0,18.41,776.0,18.43,969.0,16.7,1832.0,16.71,1825.0,51.71,5.0,51.83,18.0,16.33,138.0,16.35,73.0,24.5,76.0,24.52,88.0,67.67,2.0,68.09,24.0
2021-09-30 09:36:25.582892-04:00,35.24,90.0,35.38,5.0,18.42,73.0,18.43,772.0,16.7,1832.0,16.71,996.0,51.71,5.0,51.83,18.0,16.33,138.0,16.35,73.0,24.5,76.0,24.52,88.0,67.67,2.0,68.09,24.0
2021-09-30 09:36:25.582892-04:00,35.24,90.0,35.38,5.0,18.42,73.0,18.43,772.0,16.7,1832.0,16.71,996.0,51.71,5.0,51.83,18.0,16.33,138.0,16.35,73.0,24.5,76.0,24.52,59.0,67.67,2.0,68.09,24.0
2021-09-30 09:36:25.582892-04:00,35.24,90.0,35.38,5.0,18.41,547.0,18.42,134.0,16.7,1832.0,16.71,1640.0,51.71,5.0,51.84,90.0,16.33,138.0,16.35,73.0,24.5,76.0,24.52,59.0,67.67,2.0,68.09,24.0
2021-09-30 09:37:15.460538-04:00,35.22,18.0,35.37,77.0,18.41,547.0,18.42,134.0,16.7,1832.0,16.71,1640.0,51.71,5.0,51.84,90.0,16.33,138.0,16.35,73.0,24.5,76.0,24.52,59.0,67.67,2.0,68.09,24.0
2021-09-30 09:37:15.460538-04:00,35.22,18.0,35.37,77.0,18.41,547.0,18.42,134.0,16.7,1832.0,16.71,1640.0,51.71,5.0,51.84,90.0,16.33,138.0,16.35,73.0,24.5,76.0,24.52,128.0,67.67,2.0,68.09,24.0
2021-09-30 09:37:15.460538-04:00,35.22,18.0,35.37,77.0,18.41,547.0,18.42,134.0,16.7,1832.0,16.71,1640.0,51.71,5.0,51.84,90.0,16.33,138.0,16.35,73.0,24.5,76.0,24.52,128.0,67.68,2.0,68.11,24.0
2021-09-30 09:37:15.460538-04:00,35.22,18.0,35.37,77.0,18.41,547.0,18.42,134.0,16.7,1832.0,16.71,1640.0,51.71,59.0,51.86,18.0,16.33,138.0,16.35,73.0,24.5,76.0,24.52,128.0,67.68,2.0,68.11,24.0
2021-09-30 09:37:15.460538-04:00,35.22,18.0,35.37,77.0,18.41,547.0,18.42,134.0,16.7,1043.0,16.71,1793.0,51.71,59.0,51.86,18.0,16.33,138.0,16.35,73.0,24.5,76.0,24.52,128.0,67.68,2.0,68.11,24.0
2021-09-30 09:37:15.460538-04:00,35.22,18.0,35.37,77.0,18.41,74.0,18.42,627.0,16.7,1043.0,16.71,1793.0,51.71,59.0,51.86,18.0,16.33,138.0,16.35,73.0,24.5,76.0,24.52,128.0,67.68,2.0,68.11,24.0
2021-09-30 09:37:15.460538-04:00,35.22,18.0,35.37,77.0,18.41,74.0,18.42,627.0,16.7,1043.0,16.71,1793.0,51.71,59.0,51.86,18.0,16.33,138.0,16.35,73.0,24.5,76.0,24.52,128.0,67.69,14.0,68.1,24.0
2021-09-30 09:37:15.460538-04:00,35.22,18.0,35.37,77.0,18.41,74.0,18.42,627.0,16.69,700.0,16.7,717.0,51.71,59.0,51.86,18.0,16.33,138.0,16.35,73.0,24.5,76.0,24.52,128.0,67.69,14.0,68.1,24.0
2021-09-30 09:37:28.492694-04:00,35.18,108.0,35.34,100.0,18.41,74.0,18.42,627.0,16.69,700.0,16.7,717.0,51.71,59.0,51.86,18.0,16.33,138.0,16.35,73.0,24.5,76.0,24.52,128.0,67.69,14.0,68.1,24.0
2021-09-30 09:37:28.492694-04:00,35.18,108.0,35.34,100.0,18.41,74.0,18.42,627.0,16.69,700.0,16.7,717.0,51.71,59.0,51.86,18.0,16.33,138.0,16.35,73.0,24.5,76.0,24.52,274.0,67.69,14.0,68.1,24.0
2021-09-30 09:37:28.492694-04:00,35.18,108.0,35.34,100.0,18.4,11.0,18.41,893.0,16.69,700.0,16.7,717.0,51.71,59.0,51.86,18.0,16.33,138.0,16.35,73.0,24.5,76.0,24.52,274.0,67.69,14.0,68.1,24.0
2021-09-30 09:37:28.492694-04:00,35.18,108.0,35.34,100.0,18.4,11.0,18.41,893.0,16.69,700.0,16.7,717.0,51.74,46.0,51.89,90.0,16.33,138.0,16.35,73.0,24.5,76.0,24.52,274.0,67.69,14.0,68.1,24.0
2021-09-30 09:37:28.492694-04:00,35.18,108.0,35.34,100.0,18.4,11.0,18.41,893.0,16.69,700.0,16.7,717.0,51.74,46.0,51.89,90.0,16.33,139.0,16.34,7.0,24.5,76.0,24.52,274.0,67.69,14.0,68.1,24.0
2021-09-30 09:37:28.492694-04:00,35.18,108.0,35.34,100.0,18.4,11.0,18.41,893.0,16.69,700.0,16.7,717.0,51.74,46.0,51.89,90.0,16.33,139.0,16.34,7.0,24.5,76.0,24.52,274.0,67.7,2.0,68.12,24.0
2021-09-30 09:37:28.492694-04:00,35.18,108.0,35.34,100.0,18.4,11.0,18.41,893.0,16.69,700.0,16.7,717.0,51.74,46.0,51.89,90.0,16.33,65.0,16.34,69.0,24.5,76.0,24.52,274.0,67.7,2.0,68.12,24.0
2021-09-30 09:37:28.492694-04:00,35.18,108.0,35.34,100.0,18.4,11.0,18.41,893.0,16.69,1564.0,16.7,1505.0,51.74,46.0,51.89,90.0,16.33,65.0,16.34,69.0,24.5,76.0,24.52,274.0,67.7,2.0,68.12,24.0
2021-09-30 09:37:38.517891-04:00,35.17,90.0,35.31,5.0,18.4,11.0,18.41,893.0,16.69,1564.0,16.7,1505.0,51.74,46.0,51.89,90.0,16.33,65.0,16.34,69.0,24.5,76.0,24.52,274.0,67.7,2.0,68.12,24.0
2021-09-30 09:37:38.517891-04:00,35.17,90.0,35.31,5.0,18.4,11.0,18.41,893.0,16.69,1564.0,16.7,1505.0,51.74,46.0,51.89,90.0,16.33,65.0,16.34,69.0,24.5,72.0,24.52,414.0,67.7,2.0,68.12,24.0
2021-09-30 09:37:38.517891-04:00,35.17,90.0,35.31,5.0,18.39,502.0,18.4,87.0,16.69,1564.0,16.7,1505.0,51.74,46.0,51.89,90.0,16.33,65.0,16.34,69.0,24.5,72.0,24.52,414.0,67.7,2.0,68.12,24.0
2021-09-30 09:37:38.517891-04:00,35.17,90.0,35.31,5.0,18.39,502.0,18.4,87.0,16.69,1564.0,16.7,1505.0,51.77,5.0,51.91,90.0,16.33,65.0,16.34,69.0,24.5,72.0,24.52,414.0,67.7,2.0,68.12,24.0
2021-09-30 09:37:38.517891-04:00,35.17,90.0,35.31,5.0,18.39,502.0,18.4,87.0,16.69,1564.0,16.7,1505.0,51.77,5.0,51.91,90.0,16.33,90.0,16.34,69.0,24.5,72.0,24.52,414.0,67.7,2.0,68.12,24.0
2021-09-30 09:37:38.517891-04:00,35.17,90.0,35.31,5.0,18.39,502.0,18.4,87.0,16.69,1396.0,16.7,1666.0,51.77,5.0,51.91,90.0,16.33,90.0,16.34,69.0,24.5,72.0,24.52,414.0,67.7,2.0,68.12,24.0
2021-09-30 09:37:38.517891-04:00,35.17,90.0,35.31,5.0,18.39,502.0,18.4,87.0,16.69,1396.0,16.7,1666.0,51.77,5.0,51.91,90.0,16.33,90.0,16.34,69.0,24.5,72.0,24.52,414.0,67.7,4.0,68.12,24.0
2021-09-30 09:37:38.517891-04:00,35.17,90.0,35.31,5.0,18.39,502.0,18.4,87.0,16.69,1396.0,16.7,1666.0,51.77,5.0,51.91,90.0,16.33,90.0,16.34,69.0,24.5,72.0,24.52,521.0,67.7,4.0,68.12,24.0
2021-09-30 09:37:38.517891-04:00,35.17,90.0,35.31,5.0,18.39,146.0,18.4,694.0,16.69,1396.0,16.7,1666.0,51.77,5.0,51.91,90.0,16.33,90.0,16.34,69.0,24.5,72.0,24.52,521.0,67.7,4.0,68.12,24.0
2021-09-30 09:37:38.517891-04:00,35.17,90.0,35.31,5.0,18.39,146.0,18.4,694.0,16.69,1396.0,16.7,1666.0,51.77,5.0,51.91,90.0,16.33,90.0,16.34,69.0,24.5,72.0,24.52,521.0,67.7,2.0,68.12,24.0
2021-09-30 09:37:38.517891-04:00,35.17,90.0,35.31,5.0,18.39,146.0,18.4,694.0,16.69,1396.0,16.7,1827.0,51.77,5.0,51.91,90.0,16.33,90.0,16.34,69.0,24.5,72.0,24.52,521.0,67.7,2.0,68.12,24.0
2021-09-30 09:37:38.517891-04:00,35.17,90.0,35.31,5.0,18.39,146.0,18.4,962.0,16.69,1396.0,16.7,1827.0,51.77,5.0,51.91,90.0,16.33,90.0,16.34,69.0,24.5,72.0,24.52,521.0,67.7,2.0,68.12,24.0
2021-09-30 09:37:38.517891-04:00,35.17,90.0,35.31,5.0,18.39,365.0,18.4,1055.0,16.69,1396.0,16.7,1827.0,51.77,5.0,51.91,90.0,16.33,90.0,16.34,69.0,24.5,72.0,24.52,521.0,67.7,2.0,68.12,24.0
2021-09-30 09:37:38.517891-04:00,35.17,90.0,35.31,5.0,18.39,365.0,18.4,1055.0,16.69,1396.0,16.7,1827.0,51.77,5.0,51.91,90.0,16.33,81.0,16.34,69.0,24.5,72.0,24.52,521.0,67.7,2.0,68.12,24.0
2021-09-30 09:37:38.517891-04:00,35.17,90.0,35.31,5.0,18.39,365.0,18.4,1055.0,16.69,1396.0,16.7,1827.0,51.77,5.0,51.91,90.0,16.33,81.0,16.34,69.0,24.5,72.0,24.52,521.0,67.7,4.0,68.12,24.0
2021-09-30 09:37:38.517891-04:00,35.17,90.0,35.31,5.0,18.39,365.0,18.4,1055.0,16.69,1396.0,16.7,1666.0,51.77,5.0,51.91,90.0,16.33,81.0,16.34,69.0,24.5,72.0,24.52,521.0,67.7,4.0,68.12,24.0
2021-09-30 09:37:38.517891-04:00,35.17,90.0,35.31,5.0,18.39,376.0,18.4,320.0,16.69,1396.0,16.7,1666.0,51.77,5.0,51.91,90.0,16.33,81.0,16.34,69.0,24.5,72.0,24.52,521.0,67.7,4.0,68.12,24.0
2021-09-30 09:37:38.517891-04:00,35.17,90.0,35.31,5.0,18.39,376.0,18.4,320.0,16.69,1396.0,16.7,1666.0,51.77,5.0,51.91,90.0,16.33,81.0,16.34,69.0,24.5,72.0,24.52,521.0,67.71,19.0,68.12,24.0
2021-09-30 09:37:38.517891-04:00,35.17,90.0,35.31,5.0,18.39,376.0,18.4,320.0,16.69,1396.0,16.7,1666.0,51.77,5.0,51.91,90.0,16.33,61.0,16.34,50.0,24.5,72.0,24.52,521.0,67.71,19.0,68.12,24.0
2021-09-30 09:38:28.547134-04:00,35.16,18.0,35.31,41.0,18.39,376.0,18.4,320.0,16.69,1396.0,16.7,1666.0,51.77,5.0,51.91,90.0,16.33,61.0,16.34,50.0,24.5,72.0,24.52,521.0,67.71,19.0,68.12,24.0
2021-09-30 09:38:28.547134-04:00,35.16,18.0,35.31,41.0,18.39,376.0,18.4,320.0,16.69,805.0,16.7,1881.0,51.77,5.0,51.91,90.0,16.33,61.0,16.34,50.0,24.5,72.0,24.52,521.0,67.71,19.0,68.12,24.0
2021-09-30 09:38:28.547134-04:00,35.16,18.0,35.31,41.0,18.39,376.0,18.4,320.0,16.69,805.0,16.7,1881.0,51.77,5.0,51.91,90.0,16.33,61.0,16.34,50.0,24.5,78.0,24.52,949.0,67.71,19.0,68.12,24.0
2021-09-30 09:38:28.547134-04:00,35.16,18.0,35.31,41.0,18.38,335.0,18.4,306.0,16.69,805.0,16.7,1881.0,51.77,5.0,51.91,90.0,16.33,61.0,16.34,50.0,24.5,78.0,24.52,949.0,67.71,19.0,68.12,24.0
2021-09-30 09:38:28.547134-04:00,35.16,18.0,35.31,41.0,18.38,335.0,18.4,306.0,16.69,805.0,16.7,1881.0,51.77,46.0,51.92,72.0,16.33,61.0,16.34,50.0,24.5,78.0,24.52,949.0,67.71,19.0,68.12,24.0
2021-09-30 09:38:32.434740-04:00,35.15,72.0,35.31,64.0,18.38,335.0,18.4,306.0,16.69,805.0,16.7,1881.0,51.77,46.0,51.92,72.0,16.33,61.0,16.34,50.0,24.5,78.0,24.52,949.0,67.71,19.0,68.12,24.0
2021-09-30 09:38:32.434740-04:00,35.15,72.0,35.31,64.0,18.38,335.0,18.4,306.0,16.69,805.0,16.7,1881.0,51.78,5.0,51.93,108.0,16.33,61.0,16.34,50.0,24.5,78.0,24.52,949.0,67.71,19.0,68.12,24.0
2021-09-30 09:38:32.434740-04:00,35.15,72.0,35.31,64.0,18.38,335.0,18.4,306.0,16.69,805.0,16.7,1881.0,51.78,5.0,51.93,108.0,16.33,92.0,16.34,71.0,24.5,78.0,24.52,949.0,67.71,19.0,68.12,24.0
2021-09-30 09:38:32.434740-04:00,35.15,72.0,35.31,64.0,18.38,335.0,18.4,306.0,16.69,805.0,16.7,1881.0,51.78,5.0,51.93,108.0,16.33,92.0,16.34,71.0,24.5,78.0,24.52,949.0,67.71,17.0,68.13,84.0
2021-09-30 09:38:32.434740-04:00,35.15,72.0,35.31,64.0,18.38,335.0,18.4,306.0,16.69,805.0,16.7,1698.0,51.78,5.0,51.93,108.0,16.33,92.0,16.34,71.0,24.5,78.0,24.52,949.0,67.71,17.0,68.13,84.0
2021-09-30 09:38:32.434740-04:00,35.15,72.0,35.31,64.0,18.38,663.0,18.4,775.0,16.69,805.0,16.7,1698.0,51.78,5.0,51.93,108.0,16.33,92.0,16.34,71.0,24.5,78.0,24.52,949.0,67.71,17.0,68.13,84.0
2021-09-30 09:38:32.434740-04:00,35.15,72.0,35.31,64.0,18.38,663.0,18.4,775.0,16.69,842.0,16.7,1881.0,51.78,5.0,51.93,108.0,16.33,92.0,16.34,71.0,24.5,78.0,24.52,949.0,67.71,17.0,68.13,84.0
2021-09-30 09:38:48.476848-04:00,35.15,72.0,35.31,59.0,18.38,663.0,18.4,775.0,16.69,842.0,16.7,1881.0,51.78,5.0,51.93,108.0,16.33,92.0,16.34,71.0,24.5,78.0,24.52,949.0,67.71,17.0,68.13,84.0
2021-09-30 09:38:48.476848-04:00,35.15,72.0,35.31,59.0,18.38,653.0,18.39,183.0,16.69,842.0,16.7,1881.0,51.78,5.0,51.93,108.0,16.33,92.0,16.34,71.0,24.5,78.0,24.52,949.0,67.71,17.0,68.13,84.0
2021-09-30 09:38:48.476848-04:00,35.15,72.0,35.31,59.0,18.38,653.0,18.39,183.0,16.69,842.0,16.7,1881.0,51.78,5.0,51.93,108.0,16.32,84.0,16.33,66.0,24.5,78.0,24.52,949.0,67.71,17.0,68.13,84.0
2021-09-30 09:38:58.819198-04:00,35.08,108.0,35.24,5.0,18.38,653.0,18.39,183.0,16.68,1263.0,16.69,2140.0,51.78,5.0,51.93,108.0,16.32,84.0,16.33,66.0,24.5,78.0,24.52,949.0,67.73,7.0,68.2,60.0
2021-09-30 09:38:58.819198-04:00,35.08,108.0,35.24,5.0,18.36,668.0,18.37,430.0,16.68,1263.0,16.69,2140.0,51.83,59.0,51.98,36.0,16.32,84.0,16.33,66.0,24.49,70.0,24.51,283.0,67.73,7.0,68.2,60.0
2021-09-30 09:38:58.819198-04:00,35.08,108.0,35.24,5.0,18.36,668.0,18.37,430.0,16.68,1263.0,16.69,2140.0,51.83,59.0,51.98,36.0,16.31,147.0,16.33,80.0,24.49,70.0,24.51,283.0,67.73,7.0,68.2,60.0
2021-09-30 09:38:58.819198-04:00,35.08,108.0,35.24,5.0,18.36,668.0,18.37,430.0,16.68,1263.0,16.69,2140.0,51.83,59.0,51.98,36.0,16.31,147.0,16.33,80.0,24.49,70.0,24.51,283.0,67.75,4.0,68.16,24.0
2021-09-30 09:38:58.819198-04:00,35.08,108.0,35.24,5.0,18.36,668.0,18.37,430.0,16.68,1052.0,16.69,2140.0,51.83,59.0,51.98,36.0,16.31,147.0,16.33,80.0,24.49,70.0,24.51,283.0,67.75,4.0,68.16,24.0
2021-09-30 09:39:08.526245-04:00,35.08,108.0,35.23,23.0,18.36,668.0,18.37,430.0,16.68,1052.0,16.69,2140.0,51.83,59.0,51.98,36.0,16.31,147.0,16.33,80.0,24.49,70.0,24.51,283.0,67.75,4.0,68.16,24.0
2021-09-30 09:39:08.526245-04:00,35.08,108.0,35.23,23.0,18.36,668.0,18.37,430.0,16.68,1052.0,16.69,2140.0,51.83,59.0,51.98,36.0,16.31,147.0,16.33,80.0,24.49,70.0,24.51,402.0,67.75,4.0,68.16,24.0
2021-09-30 09:39:08.526245-04:00,35.08,108.0,35.23,23.0,18.36,668.0,18.37,430.0,16.68,1052.0,16.69,2140.0,51.85,23.0,51.99,72.0,16.31,147.0,16.33,80.0,24.49,70.0,24.51,402.0,67.75,4.0,68.16,24.0
2021-09-30 09:39:08.526245-04:00,35.08,108.0,35.23,23.0,18.36,86.0,18.37,360.0,16.68,1052.0,16.69,2140.0,51.85,23.0,51.99,72.0,16.31,147.0,16.33,80.0,24.49,70.0,24.51,402.0,67.75,4.0,68.16,24.0
2021-09-30 09:39:08.526245-04:00,35.08,108.0,35.23,23.0,18.36,86.0,18.37,360.0,16.68,1052.0,16.69,2140.0,51.85,23.0,51.99,72.0,16.31,157.0,16.33,80.0,24.49,70.0,24.51,402.0,67.75,4.0,68.16,24.0
2021-09-30 09:39:08.526245-04:00,35.08,108.0,35.23,23.0,18.36,86.0,18.37,360.0,16.68,1052.0,16.69,2140.0,51.85,23.0,51.99,72.0,16.31,157.0,16.33,80.0,24.49,70.0,24.51,509.0,67.75,4.0,68.16,24.0
2021-09-30 09:39:08.526245-04:00,35.08,108.0,35.23,23.0,18.36,86.0,18.37,360.0,16.67,1879.0,16.68,1598.0,51.85,23.0,51.99,72.0,16.31,157.0,16.33,80.0,24.49,70.0,24.51,509.0,67.75,4.0,68.16,24.0
2021-09-30 09:39:15.542486-04:00,35.05,68.0,35.22,100.0,18.36,86.0,18.37,360.0,16.67,1879.0,16.68,1598.0,51.85,23.0,51.99,72.0,16.31,157.0,16.33,80.0,24.49,70.0,24.51,509.0,67.75,4.0,68.16,24.0
2021-09-30 09:39:15.542486-04:00,35.05,68.0,35.22,100.0,18.35,415.0,18.36,682.0,16.67,1879.0,16.68,1598.0,51.85,23.0,51.99,72.0,16.31,157.0,16.33,80.0,24.49,70.0,24.51,509.0,67.75,4.0,68.16,24.0
2021-09-30 09:39:15.542486-04:00,35.05,68.0,35.22,100.0,18.35,415.0,18.36,682.0,16.67,1879.0,16.68,1598.0,51.85,23.0,51.99,72.0,16.31,157.0,16.33,80.0,24.49,70.0,24.51,509.0,67.75,12.0,68.18,24.0
2021-09-30 09:39:15.542486-04:00,35.05,68.0,35.22,100.0,18.35,415.0,18.36,682.0,16.67,1879.0,16.68,1598.0,51.86,95.0,52.02,108.0,16.31,157.0,16.33,80.0,24.49,70.0,24.51,509.0,67.75,12.0,68.18,24.0
2021-09-30 09:39:26.606905-04:00,35.06,90.0,35.21,5.0,18.35,415.0,18.36,682.0,16.67,1879.0,16.68,1598.0,51.86,95.0,52.02,108.0,16.31,157.0,16.33,80.0,24.49,70.0,24.51,509.0,67.75,12.0,68.18,24.0
2021-09-30 09:39:26.606905-04:00,35.06,90.0,35.21,5.0,18.35,510.0,18.37,784.0,16.67,1879.0,16.68,1598.0,51.86,95.0,52.02,108.0,16.31,157.0,16.33,80.0,24.49,70.0,24.51,509.0,67.75,12.0,68.18,24.0
2021-09-30 09:39:26.606905-04:00,35.06,90.0,35.21,5.0,18.35,510.0,18.37,784.0,16.67,1879.0,16.68,1598.0,51.86,95.0,52.02,108.0,16.31,157.0,16.33,80.0,24.49,70.0,24.51,509.0,67.76,7.0,68.18,24.0
2021-09-30 09:39:26.606905-04:00,35.06,90.0,35.21,5.0,18.35,510.0,18.37,784.0,16.67,1879.0,16.68,1598.0,51.86,95.0,52.02,108.0,16.31,151.0,16.33,80.0,24.49,70.0,24.51,509.0,67.76,7.0,68.18,24.0
2021-09-30 09:39:26.606905-04:00,35.06,90.0,35.21,5.0,18.35,510.0,18.37,784.0,16.67,1696.0,16.68,680.0,51.86,95.0,52.02,108.0,16.31,151.0,16.33,80.0,24.49,70.0,24.51,509.0,67.76,7.0,68.18,24.0
2021-09-30 09:39:26.606905-04:00,35.06,90.0,35.21,5.0,18.35,510.0,18.37,784.0,16.67,1696.0,16.68,680.0,51.86,95.0,52.02,108.0,16.31,151.0,16.33,80.0,24.49,71.0,24.51,937.0,67.76,7.0,68.18,24.0
2021-09-30 09:39:26.606905-04:00,35.06,90.0,35.21,5.0,18.35,510.0,18.37,784.0,16.67,1696.0,16.68,680.0,51.87,5.0,52.02,108.0,16.31,151.0,16.33,80.0,24.49,71.0,24.51,937.0,67.76,7.0,68.18,24.0
2021-09-30 09:39:26.606905-04:00,35.06,90.0,35.21,5.0,18.35,513.0,18.36,97.0,16.67,1696.0,16.68,680.0,51.87,5.0,52.02,108.0,16.31,151.0,16.33,80.0,24.49,71.0,24.51,937.0,67.76,7.0,68.18,24.0
2021-09-30 09:39:26.606905-04:00,35.06,90.0,35.21,5.0,18.35,513.0,18.36,97.0,16.67,1696.0,16.68,833.0,51.87,5.0,52.02,108.0,16.31,151.0,16.33,80.0,24.49,71.0,24.51,937.0,67.76,7.0,68.18,24.0
2021-09-30 09:39:26.606905-04:00,35.06,90.0,35.21,5.0,18.35,513.0,18.36,97.0,16.67,1696.0,16.68,833.0,51.87,5.0,52.01,36.0,16.31,151.0,16.33,80.0,24.49,71.0,24.51,937.0,67.76,7.0,68.18,24.0
2021-09-30 09:39:26.606905-04:00,35.06,90.0,35.21,5.0,18.35,505.0,18.37,1180.0,16.67,1696.0,16.68,833.0,51.87,5.0,52.01,36.0,16.31,151.0,16.33,80.0,24.49,71.0,24.51,937.0,67.76,7.0,68.18,24.0
2021-09-30 09:39:26.606905-04:00,35.06,90.0,35.21,5.0,18.35,505.0,18.37,1180.0,16.67,1696.0,16.68,833.0,51.87,5.0,52.01,72.0,16.31,151.0,16.33,80.0,24.49,71.0,24.51,937.0,67.76,7.0,68.18,24.0
2021-09-30 09:39:26.606905-04:00,35.06,90.0,35.21,5.0,18.35,505.0,18.37,1180.0,16.67,1696.0,16.68,833.0,51.87,5.0,52.01,72.0,16.31,146.0,16.33,80.0,24.49,71.0,24.51,937.0,67.76,7.0,68.18,24.0
2021-09-30 09:39:26.606905-04:00,35.06,90.0,35.21,5.0,18.35,505.0,18.37,1180.0,16.67,1515.0,16.68,1584.0,51.87,5.0,52.01,72.0,16.31,146.0,16.33,80.0,24.49,71.0,24.51,937.0,67.76,7.0,68.18,24.0
2021-09-30 09:39:26.606905-04:00,35.06,90.0,35.21,5.0,18.35,505.0,18.37,1180.0,16.67,1515.0,16.68,1584.0,51.87,5.0,52.01,72.0,16.31,146.0,16.33,80.0,24.49,13.0,24.51,937.0,67.76,7.0,68.18,24.0
2021-09-30 09:39:26.606905-04:00,35.06,90.0,35.21,5.0,18.35,415.0,18.36,916.0,16.67,1515.0,16.68,1584.0,51.87,5.0,52.01,72.0,16.31,146.0,16.33,80.0,24.49,13.0,24.51,937.0,67.76,7.0,68.18,24.0
2021-09-30 09:39:26.606905-04:00,35.06,90.0,35.21,5.0,18.35,415.0,18.36,916.0,16.67,1515.0,16.68,1595.0,51.87,5.0,52.01,72.0,16.31,146.0,16.33,80.0,24.49,13.0,24.51,937.0,67.76,7.0,68.18,24.0
2021-09-30 09:40:02.494953-04:00,35.06,90.0,35.21,6.0,18.35,415.0,18.36,916.0,16.67,1515.0,16.68,1595.0,51.87,5.0,52.01,72.0,16.31,146.0,16.33,80.0,24.49,13.0,24.51,937.0,67.76,7.0,68.18,24.0
2021-09-30 09:40:02.494953-04:00,35.06,90.0,35.21,6.0,18.35,415.0,18.36,916.0,16.67,1515.0,16.68,1595.0,51.87,7.0,52.01,72.0,16.31,146.0,16.33,80.0,24.49,13.0,24.51,937.0,67.76,7.0,68.18,24.0
2021-09-30 09:40:02.494953-04:00,35.06,90.0,35.21,6.0,18.34,214.0,18.36,916.0,16.67,1515.0,16.68,1595.0,51.87,7.0,52.01,72.0,16.31,146.0,16.33,80.0,24.49,13.0,24.51,937.0,67.76,7.0,68.18,24.0
2021-09-30 09:40:02.494953-04:00,35.06,90.0,35.21,6.0,18.34,214.0,18.36,916.0,16.67,1515.0,16.68,1595.0,51.87,7.0,52.01,72.0,16.31,146.0,16.33,80.0,24.49,13.0,24.51,937.0,67.76,9.0,68.18,24.0
2021-09-30 09:40:02.494953-04:00,35.06,90.0,35.21,6.0,18.34,214.0,18.36,916.0,16.67,1515.0,16.68,1595.0,51.87,7.0,52.01,72.0,16.31,146.0,16.33,80.0,24.49,73.0,24.51,937.0,67.76,9.0,68.18,24.0
2021-09-30 09:40:02.494953-04:00,35.06,90.0,35.21,6.0,18.34,214.0,18.36,916.0,16.67,1515.0,16.68,1595.0,51.87,7.0,52.01,72.0,16.32,24.0,16.33,78.0,24.49,73.0,24.51,937.0,67.76,9.0,68.18,24.0
2021-09-30 09:40:19.260132-04:00,35.12,18.0,35.17,78.0,18.34,214.0,18.36,916.0,16.67,1515.0,16.68,1595.0,51.91,68.0,51.96,90.0,16.32,24.0,16.33,78.0,24.49,73.0,24.51,937.0,67.76,9.0,68.18,24.0
2021-09-30 09:40:19.260132-04:00,35.12,18.0,35.17,78.0,18.35,600.0,18.37,748.0,16.67,1515.0,16.68,1595.0,51.91,68.0,51.96,90.0,16.32,24.0,16.33,78.0,24.49,73.0,24.51,937.0,67.76,9.0,68.18,24.0
2021-09-30 09:40:19.260132-04:00,35.12,18.0,35.17,78.0,18.35,600.0,18.37,748.0,16.67,1701.0,16.68,686.0,51.91,68.0,51.96,90.0,16.32,24.0,16.33,78.0,24.49,73.0,24.51,937.0,67.76,9.0,68.18,24.0
2021-09-30 09:40:19.260132-04:00,35.12,18.0,35.17,78.0,18.35,600.0,18.37,748.0,16.67,1701.0,16.68,686.0,51.91,68.0,51.96,90.0,16.32,24.0,16.33,78.0,24.49,73.0,24.51,937.0,67.76,2.0,68.17,24.0
2021-09-30 09:40:19.260132-04:00,35.12,18.0,35.17,78.0,18.35,600.0,18.37,748.0,16.67,1701.0,16.68,686.0,51.91,68.0,51.96,90.0,16.32,139.0,16.33,69.0,24.49,73.0,24.51,937.0,67.76,2.0,68.17,24.0
2021-09-30 09:40:19.260132-04:00,35.12,18.0,35.17,78.0,18.35,600.0,18.37,748.0,16.68,1098.0,16.69,2154.0,51.91,68.0,51.96,90.0,16.32,139.0,16.33,69.0,24.49,73.0,24.51,937.0,67.76,2.0,68.17,24.0
2021-09-30 09:40:19.260132-04:00,35.12,18.0,35.17,78.0,18.35,600.0,18.37,748.0,16.68,1098.0,16.69,2154.0,51.91,68.0,51.96,90.0,16.32,139.0,16.33,69.0,24.49,68.0,24.51,296.0,67.76,2.0,68.17,24.0
2021-09-30 09:40:27.603823-04:00,35.13,90.0,35.18,48.0,18.35,600.0,18.37,748.0,16.68,1098.0,16.69,2154.0,51.91,68.0,51.96,90.0,16.32,139.0,16.33,69.0,24.49,68.0,24.51,296.0,67.76,2.0,68.17,24.0
2021-09-30 09:40:27.603823-04:00,35.13,90.0,35.18,48.0,18.35,600.0,18.37,748.0,16.68,1098.0,16.69,2154.0,51.9,25.0,51.94,90.0,16.32,139.0,16.33,69.0,24.49,68.0,24.51,296.0,67.76,2.0,68.17,24.0
2021-09-30 09:40:27.603823-04:00,35.13,90.0,35.18,48.0,18.36,83.0,18.37,1140.0,16.68,1098.0,16.69,2154.0,51.9,25.0,51.94,90.0,16.32,139.0,16.33,69.0,24.49,68.0,24.51,296.0,67.76,2.0,68.17,24.0
2021-09-30 09:40:27.603823-04:00,35.13,90.0,35.18,48.0,18.36,83.0,18.37,1140.0,16.68,1098.0,16.69,2154.0,51.9,25.0,51.94,90.0,16.32,173.0,16.33,69.0,24.49,68.0,24.51,296.0,67.76,2.0,68.17,24.0
2021-09-30 09:40:27.603823-04:00,35.13,90.0,35.18,48.0,18.36,83.0,18.37,1140.0,16.68,1098.0,16.69,2154.0,51.9,25.0,51.94,90.0,16.32,173.0,16.33,69.0,24.49,68.0,24.51,296.0,67.76,2.0,68.16,24.0
2021-09-30 09:40:27.603823-04:00,35.13,90.0,35.18,48.0,18.36,83.0,18.37,1140.0,16.68,1098.0,16.69,2154.0,51.89,97.0,51.94,90.0,16.32,173.0,16.33,69.0,24.49,68.0,24.51,296.0,67.76,2.0,68.16,24.0
2021-09-30 09:40:36.461141-04:00,35.14,72.0,35.19,96.0,18.36,83.0,18.37,1140.0,16.68,1098.0,16.69,2154.0,51.89,97.0,51.94,90.0,16.32,173.0,16.33,69.0,24.49,68.0,24.51,296.0,67.76,2.0,68.16,24.0
2021-09-30 09:40:36.461141-04:00,35.14,72.0,35.19,96.0,18.36,415.0,18.37,997.0,16.68,1098.0,16.69,2154.0,51.89,97.0,51.94,90.0,16.32,173.0,16.33,69.0,24.49,68.0,24.51,296.0,67.76,2.0,68.16,24.0
2021-09-30 09:40:46.461405-04:00,35.14,18.0,35.18,24.0,18.36,415.0,18.37,997.0,16.68,1098.0,16.69,2154.0,51.89,97.0,51.94,90.0,16.32,173.0,16.33,69.0,24.49,68.0,24.51,296.0,67.76,2.0,68.16,24.0
2021-09-30 09:40:46.461405-04:00,35.14,18.0,35.18,24.0,18.36,256.0,18.37,1020.0,16.68,1098.0,16.69,2154.0,51.89,97.0,51.94,90.0,16.32,173.0,16.33,69.0,24.49,68.0,24.51,296.0,67.76,2.0,68.16,24.0
2021-09-30 09:40:46.461405-04:00,35.14,18.0,35.18,24.0,18.35,677.0,18.36,19.0,16.68,1098.0,16.69,2154.0,51.89,97.0,51.94,90.0,16.32,172.0,16.33,74.0,24.49,68.0,24.51,296.0,67.76,2.0,68.16,24.0
2021-09-30 09:40:59.742897-04:00,35.1,18.0,35.17,96.0,18.35,677.0,18.36,19.0,16.67,1180.0,16.68,677.0,51.91,61.0,52.02,18.0,16.32,172.0,16.33,74.0,24.49,68.0,24.51,284.0,67.76,2.0,68.16,24.0
2021-09-30 09:41:03.601579-04:00,35.13,90.0,35.18,18.0,18.35,677.0,18.36,19.0,16.67,1180.0,16.68,677.0,51.91,61.0,52.02,18.0,16.32,172.0,16.33,74.0,24.49,68.0,24.51,284.0,67.76,2.0,68.16,24.0
2021-09-30 09:41:03.601579-04:00,35.13,90.0,35.18,18.0,18.35,677.0,18.36,19.0,16.67,1180.0,16.68,677.0,51.9,18.0,51.94,90.0,16.32,172.0,16.33,74.0,24.49,68.0,24.51,284.0,67.76,2.0,68.16,24.0
2021-09-30 09:41:03.601579-04:00,35.13,90.0,35.18,18.0,18.35,677.0,18.36,19.0,16.68,1140.0,16.69,1287.0,51.9,18.0,51.94,90.0,16.32,172.0,16.33,74.0,24.49,68.0,24.51,284.0,67.76,2.0,68.16,24.0
2021-09-30 09:41:03.601579-04:00,35.13,90.0,35.18,18.0,18.36,186.0,18.37,581.0,16.68,1140.0,16.69,1287.0,51.9,18.0,51.94,90.0,16.32,172.0,16.33,74.0,24.49,68.0,24.51,284.0,67.76,2.0,68.16,24.0
2021-09-30 09:41:03.601579-04:00,35.13,90.0,35.18,18.0,18.36,186.0,18.37,581.0,16.68,1140.0,16.69,1287.0,51.9,18.0,51.94,90.0,16.32,172.0,16.33,74.0,24.49,68.0,24.51,284.0,67.76,2.0,68.15,24.0
2021-09-30 09:41:03.601579-04:00,35.13,90.0,35.18,18.0,18.36,186.0,18.37,581.0,16.68,1140.0,16.69,1287.0,51.9,18.0,51.94,90.0,16.32,180.0,16.34,85.0,24.49,68.0,24.51,284.0,67.76,2.0,68.15,24.0
2021-09-30 09:41:03.601579-04:00,35.13,90.0,35.18,18.0,18.36,186.0,18.37,581.0,16.68,1140.0,16.69,1287.0,51.9,18.0,51.94,90.0,16.32,180.0,16.34,85.0,24.5,13.0,24.51,18.0,67.76,2.0,68.15,24.0
2021-09-30 09:41:03.601579-04:00,35.13,90.0,35.18,18.0,18.37,429.0,18.38,498.0,16.68,1140.0,16.69,1287.0,51.9,18.0,51.94,90.0,16.32,180.0,16.34,85.0,24.5,13.0,24.51,18.0,67.76,2.0,68.15,24.0
2021-09-30 09:41:03.601579-04:00,35.13,90.0,35.18,18.0,18.37,429.0,18.38,498.0,16.68,1858.0,16.69,1894.0,51.9,18.0,51.94,90.0,16.32,180.0,16.34,85.0,24.5,13.0,24.51,18.0,67.76,2.0,68.15,24.0
2021-09-30 09:41:18.437913-04:00,35.16,90.0,35.21,96.0,18.37,429.0,18.38,498.0,16.68,1858.0,16.69,1894.0,51.9,18.0,51.94,90.0,16.32,180.0,16.34,85.0,24.5,13.0,24.51,18.0,67.76,2.0,68.15,24.0
2021-09-30 09:41:18.437913-04:00,35.16,90.0,35.21,96.0,18.37,429.0,18.38,498.0,16.68,1858.0,16.69,1894.0,51.87,97.0,51.91,90.0,16.32,180.0,16.34,85.0,24.5,13.0,24.51,18.0,67.76,2.0,68.15,24.0
2021-09-30 09:41:18.437913-04:00,35.16,90.0,35.21,96.0,18.37,429.0,18.38,498.0,16.68,1858.0,16.69,1894.0,51.87,97.0,51.91,90.0,16.32,180.0,16.34,85.0,24.5,13.0,24.51,18.0,67.76,2.0,68.14,24.0
2021-09-30 09:41:26.543243-04:00,35.16,36.0,35.2,102.0,18.37,429.0,18.38,498.0,16.68,1858.0,16.69,1894.0,51.88,104.0,51.92,90.0,16.32,180.0,16.34,85.0,24.5,13.0,24.51,18.0,67.76,2.0,68.14,24.0
2021-09-30 09:41:26.543243-04:00,35.16,36.0,35.2,102.0,18.37,7.0,18.38,1097.0,16.68,1858.0,16.69,1894.0,51.88,104.0,51.92,90.0,16.32,180.0,16.34,85.0,24.5,13.0,24.51,18.0,67.76,2.0,68.14,24.0
2021-09-30 09:41:26.543243-04:00,35.16,36.0,35.2,102.0,18.37,7.0,18.38,1097.0,16.68,1675.0,16.69,1894.0,51.88,104.0,51.92,90.0,16.32,180.0,16.34,85.0,24.5,13.0,24.51,18.0,67.76,2.0,68.14,24.0
2021-09-30 09:41:26.543243-04:00,35.16,36.0,35.2,102.0,18.37,7.0,18.38,1097.0,16.68,1675.0,16.69,1894.0,51.88,104.0,51.92,90.0,16.32,180.0,16.34,85.0,24.5,12.0,24.51,18.0,67.76,2.0,68.14,24.0
2021-09-30 09:41:26.543243-04:00,35.16,36.0,35.2,102.0,18.37,679.0,18.38,498.0,16.68,1675.0,16.69,1894.0,51.88,104.0,51.92,90.0,16.32,180.0,16.34,85.0,24.5,12.0,24.51,18.0,67.76,2.0,68.14,24.0
2021-09-30 09:41:35.455415-04:00,35.17,90.0,35.21,18.0,18.37,679.0,18.38,498.0,16.68,1675.0,16.69,1894.0,51.88,104.0,51.92,90.0,16.32,180.0,16.34,85.0,24.5,12.0,24.51,18.0,67.76,2.0,68.14,24.0
2021-09-30 09:41:35.455415-04:00,35.17,90.0,35.21,18.0,18.37,679.0,18.38,498.0,16.68,1675.0,16.69,1894.0,51.87,18.0,51.91,90.0,16.32,180.0,16.34,85.0,24.5,12.0,24.51,18.0,67.76,2.0,68.14,24.0
2021-09-30 09:41:35.455415-04:00,35.17,90.0,35.21,18.0,18.37,679.0,18.38,498.0,16.68,2113.0,16.69,1922.0,51.87,18.0,51.91,90.0,16.32,180.0,16.34,85.0,24.5,12.0,24.51,18.0,67.76,2.0,68.14,24.0
2021-09-30 09:41:35.455415-04:00,35.17,90.0,35.21,18.0,18.37,679.0,18.38,498.0,16.68,2113.0,16.69,1922.0,51.87,18.0,51.91,90.0,16.32,180.0,16.34,85.0,24.5,13.0,24.51,18.0,67.76,2.0,68.14,24.0
2021-09-30 09:41:47.605928-04:00,35.15,90.0,35.2,102.0,18.37,679.0,18.38,498.0,16.68,2113.0,16.69,1922.0,51.87,18.0,51.91,90.0,16.32,180.0,16.34,85.0,24.5,13.0,24.51,18.0,67.76,2.0,68.14,24.0
2021-09-30 09:41:47.605928-04:00,35.15,90.0,35.2,102.0,18.37,679.0,18.38,498.0,16.68,2113.0,16.69,1922.0,51.88,104.0,51.92,90.0,16.32,180.0,16.34,85.0,24.5,13.0,24.51,18.0,67.76,2.0,68.14,24.0
2021-09-30 09:41:47.605928-04:00,35.15,90.0,35.2,102.0,18.36,659.0,18.38,1221.0,16.68,2113.0,16.69,1922.0,51.88,104.0,51.92,90.0,16.32,180.0,16.34,85.0,24.5,13.0,24.51,18.0,67.76,2.0,68.14,24.0
2021-09-30 09:41:47.605928-04:00,35.15,90.0,35.2,102.0,18.36,659.0,18.38,1221.0,16.68,1747.0,16.69,2054.0,51.88,104.0,51.92,90.0,16.32,180.0,16.34,85.0,24.5,13.0,24.51,18.0,67.76,2.0,68.14,24.0
2021-09-30 09:41:47.605928-04:00,35.15,90.0,35.2,102.0,18.36,659.0,18.38,1221.0,16.68,1747.0,16.69,2054.0,51.88,97.0,51.92,18.0,16.32,180.0,16.34,85.0,24.5,13.0,24.51,18.0,67.76,2.0,68.14,24.0
2021-09-30 09:41:47.605928-04:00,35.15,90.0,35.2,102.0,18.36,659.0,18.38,1221.0,16.68,1675.0,16.69,1871.0,51.88,97.0,51.92,18.0,16.32,180.0,16.34,85.0,24.5,13.0,24.51,18.0,67.76,2.0,68.14,24.0
2021-09-30 09:41:47.605928-04:00,35.15,90.0,35.2,102.0,18.36,508.0,18.38,1138.0,16.68,1675.0,16.69,1871.0,51.88,97.0,51.92,18.0,16.32,180.0,16.34,85.0,24.5,13.0,24.51,18.0,67.76,2.0,68.14,24.0
2021-09-30 09:41:47.605928-04:00,35.15,90.0,35.2,102.0,18.36,508.0,18.38,1138.0,16.68,1555.0,16.69,1992.0,51.88,97.0,51.92,18.0,16.32,180.0,16.34,85.0,24.5,13.0,24.51,18.0,67.76,2.0,68.14,24.0
2021-09-30 09:41:47.605928-04:00,35.15,90.0,35.2,102.0,18.36,508.0,18.38,1138.0,16.68,1555.0,16.69,1992.0,51.88,97.0,51.92,18.0,16.32,180.0,16.34,85.0,24.49,72.0,24.51,18.0,67.76,2.0,68.14,24.0
2021-09-30 09:41:47.605928-04:00,35.15,90.0,35.2,102.0,18.36,500.0,18.38,948.0,16.68,1555.0,16.69,1992.0,51.88,97.0,51.92,18.0,16.32,180.0,16.34,85.0,24.49,72.0,24.51,18.0,67.76,2.0,68.14,24.0
2021-09-30 09:41:47.605928-04:00,35.15,90.0,35.2,102.0,18.36,500.0,18.38,948.0,16.68,1555.0,16.69,1992.0,51.89,25.0,51.93,90.0,16.32,180.0,16.34,85.0,24.49,72.0,24.51,18.0,67.76,2.0,68.14,24.0
2021-09-30 09:42:08.609774-04:00,35.12,54.0,35.19,24.0,18.36,500.0,18.38,948.0,16.68,1555.0,16.69,1992.0,51.89,25.0,51.93,90.0,16.32,180.0,16.34,85.0,24.49,72.0,24.51,18.0,67.76,2.0,68.14,24.0
2021-09-30 09:42:08.609774-04:00,35.12,54.0,35.19,24.0,18.36,500.0,18.38,948.0,16.68,1338.0,16.69,1373.0,51.89,25.0,51.93,90.0,16.32,180.0,16.34,85.0,24.49,72.0,24.51,18.0,67.76,2.0,68.14,24.0
2021-09-30 09:42:08.609774-04:00,35.12,54.0,35.19,24.0,18.36,413.0,18.38,1012.0,16.68,1338.0,16.69,1373.0,51.89,25.0,51.93,90.0,16.32,180.0,16.34,85.0,24.49,72.0,24.51,18.0,67.76,2.0,68.14,24.0
2021-09-30 09:42:08.609774-04:00,35.12,54.0,35.19,24.0,18.36,413.0,18.38,1012.0,16.68,1338.0,16.69,1373.0,51.88,90.0,51.93,72.0,16.32,180.0,16.34,85.0,24.49,72.0,24.51,18.0,67.76,2.0,68.14,24.0
2021-09-30 09:42:20.229706-04:00,35.15,18.0,35.2,90.0,18.36,413.0,18.38,1012.0,16.68,1338.0,16.69,1373.0,51.88,90.0,51.93,72.0,16.32,180.0,16.34,85.0,24.49,72.0,24.51,18.0,67.76,2.0,68.14,24.0
2021-09-30 09:42:20.229706-04:00,35.15,18.0,35.2,90.0,18.36,413.0,18.38,1012.0,16.68,1338.0,16.69,1373.0,51.88,50.0,51.92,90.0,16.32,180.0,16.34,85.0,24.49,72.0,24.51,18.0,67.76,2.0,68.14,24.0
2021-09-30 09:42:20.229706-04:00,35.15,18.0,35.2,90.0,18.36,413.0,18.38,1012.0,16.68,1543.0,16.69,1544.0,51.88,50.0,51.92,90.0,16.32,180.0,16.34,85.0,24.49,72.0,24.51,18.0,67.76,2.0,68.14,24.0
2021-09-30 09:42:20.229706-04:00,35.15,18.0,35.2,90.0,18.37,19.0,18.38,583.0,16.68,1543.0,16.69,1544.0,51.88,50.0,51.92,90.0,16.32,180.0,16.34,85.0,24.49,72.0,24.51,18.0,67.76,2.0,68.14,24.0
2021-09-30 09:42:28.481643-04:00,35.16,90.0,35.2,84.0,18.37,19.0,18.38,583.0,16.68,1543.0,16.69,1544.0,51.88,50.0,51.92,90.0,16.32,180.0,16.34,85.0,24.49,72.0,24.51,18.0,67.76,2.0,68.14,24.0
2021-09-30 09:42:28.481643-04:00,35.16,90.0,35.2,84.0,18.37,19.0,18.38,583.0,16.68,1543.0,16.69,1544.0,51.84,72.0,51.89,90.0,16.32,180.0,16.34,85.0,24.49,72.0,24.51,18.0,67.76,2.0,68.14,24.0
2021-09-30 09:42:28.481643-04:00,35.16,90.0,35.2,84.0,18.38,162.0,18.39,498.0,16.68,1889.0,16.69,160.0,51.84,72.0,51.89,90.0,16.32,180.0,16.34,85.0,24.49,72.0,24.51,18.0,67.76,2.0,68.14,24.0
2021-09-30 09:42:28.481643-04:00,35.16,90.0,35.2,84.0,18.38,162.0,18.39,498.0,16.68,1889.0,16.69,160.0,51.84,72.0,51.89,90.0,16.32,180.0,16.34,85.0,24.5,48.0,24.51,9.0,67.76,2.0,68.14,24.0
2021-09-30 09:42:38.528782-04:00,35.19,72.0,35.24,72.0,18.38,162.0,18.39,498.0,16.68,1889.0,16.69,160.0,51.84,72.0,51.89,90.0,16.32,180.0,16.34,85.0,24.5,48.0,24.51,9.0,67.76,2.0,68.14,24.0
2021-09-30 09:42:38.528782-04:00,35.19,72.0,35.24,72.0,18.38,162.0,18.39,498.0,16.68,1889.0,16.69,160.0,51.84,72.0,51.89,90.0,16.32,180.0,16.34,85.0,24.5,48.0,24.51,9.0,67.76,2.0,68.13,24.0
2021-09-30 09:42:38.528782-04:00,35.19,72.0,35.24,72.0,18.38,162.0,18.39,498.0,16.68,1889.0,16.69,160.0,51.84,90.0,51.88,18.0,16.32,178.0,16.34,85.0,24.5,48.0,24.51,9.0,67.76,2.0,68.13,24.0
2021-09-30 09:42:38.528782-04:00,35.19,72.0,35.24,72.0,18.38,162.0,18.39,498.0,16.69,47.0,16.7,1679.0,51.84,90.0,51.88,18.0,16.32,178.0,16.34,85.0,24.5,48.0,24.51,9.0,67.76,2.0,68.13,24.0
2021-09-30 09:42:38.528782-04:00,35.19,72.0,35.24,72.0,18.38,153.0,18.39,318.0,16.69,47.0,16.7,1679.0,51.84,90.0,51.88,18.0,16.32,178.0,16.34,85.0,24.5,10.0,24.51,9.0,67.76,2.0,68.13,24.0
2021-09-30 09:42:48.571930-04:00,35.19,72.0,35.23,6.0,18.38,153.0,18.39,318.0,16.69,47.0,16.7,1679.0,51.84,90.0,51.88,18.0,16.32,178.0,16.34,85.0,24.5,10.0,24.51,9.0,67.76,2.0,68.13,24.0
2021-09-30 09:43:00.421251-04:00,35.18,72.0,35.23,96.0,18.38,12.0,18.39,360.0,16.68,1938.0,16.69,1042.0,51.85,97.0,51.9,90.0,16.33,19.0,16.34,86.0,24.5,45.0,24.51,9.0,67.76,2.0,68.13,24.0
2021-09-30 09:43:00.421251-04:00,35.18,72.0,35.23,96.0,18.38,12.0,18.39,360.0,16.68,1938.0,16.69,1042.0,51.85,97.0,51.9,90.0,16.33,19.0,16.34,86.0,24.5,45.0,24.51,9.0,67.76,5.0,68.13,25.0
2021-09-30 09:43:00.421251-04:00,35.18,72.0,35.23,96.0,18.38,12.0,18.39,360.0,16.68,1938.0,16.69,1042.0,51.84,43.0,51.88,18.0,16.33,19.0,16.34,86.0,24.5,45.0,24.51,9.0,67.76,5.0,68.13,25.0
2021-09-30 09:43:00.421251-04:00,35.18,72.0,35.23,96.0,18.38,12.0,18.39,360.0,16.68,1938.0,16.69,1042.0,51.84,43.0,51.88,18.0,16.33,31.0,16.34,86.0,24.5,45.0,24.51,9.0,67.76,5.0,68.13,25.0
2021-09-30 09:43:00.421251-04:00,35.18,72.0,35.23,96.0,18.38,12.0,18.39,360.0,16.69,366.0,16.7,1765.0,51.84,43.0,51.88,18.0,16.33,31.0,16.34,86.0,24.5,45.0,24.51,9.0,67.76,5.0,68.13,25.0
2021-09-30 09:43:00.421251-04:00,35.18,72.0,35.23,96.0,18.38,12.0,18.39,360.0,16.69,366.0,16.7,1765.0,51.84,43.0,51.88,18.0,16.33,31.0,16.34,86.0,24.5,48.0,24.51,9.0,67.76,5.0,68.13,25.0
2021-09-30 09:43:05.508649-04:00,35.19,90.0,35.26,60.0,18.38,12.0,18.39,360.0,16.69,366.0,16.7,1765.0,51.84,43.0,51.88,18.0,16.33,31.0,16.34,86.0,24.5,48.0,24.51,9.0,67.76,5.0,68.13,25.0
2021-09-30 09:43:05.508649-04:00,35.19,90.0,35.26,60.0,18.38,175.0,18.39,304.0,16.69,366.0,16.7,1765.0,51.84,43.0,51.88,18.0,16.33,31.0,16.34,86.0,24.5,48.0,24.51,9.0,67.76,5.0,68.13,25.0
2021-09-30 09:43:05.508649-04:00,35.19,90.0,35.26,60.0,18.38,175.0,18.39,304.0,16.69,366.0,16.7,1765.0,51.84,43.0,51.88,18.0,16.33,29.0,16.34,86.0,24.5,48.0,24.51,9.0,67.76,5.0,68.13,25.0
2021-09-30 09:43:05.508649-04:00,35.19,90.0,35.26,60.0,18.38,175.0,18.39,304.0,16.69,366.0,16.7,1765.0,51.84,43.0,51.88,18.0,16.33,29.0,16.34,86.0,24.5,46.0,24.51,9.0,67.76,5.0,68.13,25.0
2021-09-30 09:43:05.508649-04:00,35.19,90.0,35.26,60.0,18.38,175.0,18.39,304.0,16.69,366.0,16.7,1765.0,51.84,97.0,51.89,90.0,16.33,29.0,16.34,86.0,24.5,46.0,24.51,9.0,67.76,5.0,68.13,25.0
2021-09-30 09:43:15.541825-04:00,35.19,72.0,35.24,84.0,18.38,175.0,18.39,304.0,16.69,366.0,16.7,1765.0,51.84,97.0,51.89,90.0,16.33,29.0,16.34,86.0,24.5,46.0,24.51,9.0,67.76,5.0,68.13,25.0
2021-09-30 09:43:15.541825-04:00,35.19,72.0,35.24,84.0,18.38,175.0,18.39,304.0,16.69,211.0,16.7,1765.0,51.84,97.0,51.89,90.0,16.33,29.0,16.34,86.0,24.5,46.0,24.51,9.0,67.76,5.0,68.13,25.0
2021-09-30 09:43:15.541825-04:00,35.19,72.0,35.24,84.0,18.38,105.0,18.39,565.0,16.69,211.0,16.7,1765.0,51.84,97.0,51.89,90.0,16.33,29.0,16.34,86.0,24.5,46.0,24.51,9.0,67.76,5.0,68.13,25.0
2021-09-30 09:43:15.541825-04:00,35.19,72.0,35.24,84.0,18.38,105.0,18.39,565.0,16.69,211.0,16.7,1765.0,51.84,97.0,51.89,90.0,16.32,176.0,16.34,86.0,24.5,8.0,24.51,9.0,67.76,5.0,68.13,25.0
2021-09-30 09:43:15.541825-04:00,35.19,72.0,35.24,84.0,18.38,105.0,18.39,565.0,16.69,211.0,16.7,1765.0,51.83,54.0,51.88,90.0,16.32,176.0,16.34,86.0,24.5,8.0,24.51,9.0,67.76,5.0,68.13,25.0
2021-09-30 09:43:15.541825-04:00,35.19,72.0,35.24,84.0,18.38,487.0,18.39,119.0,16.69,211.0,16.7,1765.0,51.83,54.0,51.88,90.0,16.32,176.0,16.34,86.0,24.5,8.0,24.51,9.0,67.76,5.0,68.13,25.0
2021-09-30 09:43:27.576646-04:00,35.2,18.0,35.25,94.0,18.38,487.0,18.39,119.0,16.69,211.0,16.7,1765.0,51.83,54.0,51.88,90.0,16.32,176.0,16.34,86.0,24.5,8.0,24.51,9.0,67.76,5.0,68.13,25.0
2021-09-30 09:43:27.576646-04:00,35.2,18.0,35.25,94.0,18.38,487.0,18.39,119.0,16.69,996.0,16.7,1763.0,51.83,54.0,51.88,90.0,16.32,176.0,16.34,86.0,24.5,8.0,24.51,9.0,67.76,5.0,68.13,25.0
2021-09-30 09:43:27.576646-04:00,35.2,18.0,35.25,94.0,18.38,487.0,18.39,119.0,16.69,996.0,16.7,1763.0,51.83,54.0,51.88,90.0,16.32,176.0,16.34,86.0,24.5,11.0,24.51,9.0,67.76,5.0,68.13,25.0
2021-09-30 09:43:27.576646-04:00,35.2,18.0,35.25,94.0,18.38,487.0,18.39,119.0,16.69,996.0,16.7,1763.0,51.85,22.0,51.88,18.0,16.32,176.0,16.34,86.0,24.5,11.0,24.51,9.0,67.76,5.0,68.13,25.0
2021-09-30 09:43:27.576646-04:00,35.2,18.0,35.25,94.0,18.38,155.0,18.39,620.0,16.69,996.0,16.7,1763.0,51.85,22.0,51.88,18.0,16.32,176.0,16.34,86.0,24.5,11.0,24.51,9.0,67.76,5.0,68.13,25.0
2021-09-30 09:43:40.608804-04:00,35.19,90.0,35.23,4.0,18.38,155.0,18.39,620.0,16.68,2081.0,16.69,188.0,51.85,22.0,51.88,18.0,16.32,176.0,16.34,86.0,24.5,11.0,24.51,9.0,67.76,5.0,68.13,25.0
2021-09-30 09:43:40.608804-04:00,35.19,90.0,35.23,4.0,18.38,155.0,18.39,620.0,16.68,2081.0,16.69,188.0,51.85,22.0,51.88,18.0,16.32,176.0,16.34,86.0,24.5,11.0,24.51,9.0,67.76,5.0,68.13,1.0
2021-09-30 09:43:40.608804-04:00,35.19,90.0,35.23,4.0,18.38,155.0,18.39,620.0,16.68,2081.0,16.69,188.0,51.85,22.0,51.88,18.0,16.32,176.0,16.34,89.0,24.5,11.0,24.51,9.0,67.76,5.0,68.13,1.0
2021-09-30 09:43:40.608804-04:00,35.19,90.0,35.23,4.0,18.38,155.0,18.39,620.0,16.68,2081.0,16.69,188.0,51.85,3.0,51.89,72.0,16.32,176.0,16.34,89.0,24.5,11.0,24.51,9.0,67.76,5.0,68.13,1.0
2021-09-30 09:43:40.608804-04:00,35.19,90.0,35.23,4.0,18.38,155.0,18.39,620.0,16.68,1909.0,16.69,114.0,51.85,3.0,51.89,72.0,16.32,176.0,16.34,89.0,24.5,11.0,24.51,9.0,67.76,5.0,68.13,1.0
2021-09-30 09:43:40.608804-04:00,35.19,90.0,35.23,4.0,18.37,773.0,18.39,576.0,16.68,1909.0,16.69,114.0,51.85,3.0,51.89,72.0,16.32,176.0,16.34,89.0,24.5,11.0,24.51,9.0,67.76,5.0,68.13,1.0
2021-09-30 09:43:48.664267-04:00,35.19,36.0,35.23,3.0,18.37,773.0,18.39,576.0,16.68,1909.0,16.69,114.0,51.85,3.0,51.89,72.0,16.32,176.0,16.34,89.0,24.5,11.0,24.51,9.0,67.76,5.0,68.13,1.0
2021-09-30 09:43:48.664267-04:00,35.19,36.0,35.23,3.0,18.37,773.0,18.39,576.0,16.68,1909.0,16.69,114.0,51.85,3.0,51.89,72.0,16.32,176.0,16.34,89.0,24.49,73.0,24.51,58.0,67.76,5.0,68.13,1.0
2021-09-30 09:43:48.664267-04:00,35.19,36.0,35.23,3.0,18.37,773.0,18.39,576.0,16.68,1909.0,16.69,114.0,51.85,3.0,51.89,72.0,16.32,176.0,16.34,89.0,24.49,73.0,24.51,58.0,67.76,5.0,68.13,25.0
2021-09-30 09:43:48.664267-04:00,35.19,36.0,35.23,3.0,18.37,773.0,18.39,576.0,16.68,1909.0,16.69,114.0,51.85,3.0,51.89,72.0,16.32,176.0,16.34,87.0,24.49,73.0,24.51,58.0,67.76,5.0,68.13,25.0
2021-09-30 09:43:57.515602-04:00,35.19,90.0,35.24,90.0,18.37,773.0,18.39,576.0,16.68,1909.0,16.69,114.0,51.85,3.0,51.89,72.0,16.32,176.0,16.34,87.0,24.49,73.0,24.51,58.0,67.76,5.0,68.13,25.0
2021-09-30 09:43:57.515602-04:00,35.19,90.0,35.24,90.0,18.37,773.0,18.39,576.0,16.68,1909.0,16.69,114.0,51.85,3.0,51.89,72.0,16.32,176.0,16.34,87.0,24.49,73.0,24.51,68.0,67.76,5.0,68.13,25.0
2021-09-30 09:43:57.515602-04:00,35.19,90.0,35.24,90.0,18.37,773.0,18.39,576.0,16.68,1909.0,16.69,114.0,51.85,18.0,51.88,18.0,16.32,176.0,16.34,87.0,24.49,73.0,24.51,68.0,67.76,5.0,68.13,25.0
2021-09-30 09:43:57.515602-04:00,35.19,90.0,35.24,90.0,18.37,773.0,18.39,576.0,16.68,1773.0,16.69,465.0,51.85,18.0,51.88,18.0,16.32,176.0,16.34,87.0,24.49,73.0,24.51,68.0,67.76,5.0,68.13,25.0
2021-09-30 09:43:57.515602-04:00,35.19,90.0,35.24,90.0,18.38,76.0,18.39,633.0,16.68,1773.0,16.69,465.0,51.85,18.0,51.88,18.0,16.32,176.0,16.34,87.0,24.49,73.0,24.51,68.0,67.76,5.0,68.13,25.0
2021-09-30 09:43:57.515602-04:00,35.19,90.0,35.24,90.0,18.38,76.0,18.39,633.0,16.68,1773.0,16.69,465.0,51.85,18.0,51.88,18.0,16.32,181.0,16.34,87.0,24.49,73.0,24.51,68.0,67.76,5.0,68.13,25.0
2021-09-30 09:43:57.515602-04:00,35.19,90.0,35.24,90.0,18.38,76.0,18.39,633.0,16.68,1773.0,16.69,465.0,51.85,18.0,51.88,18.0,16.32,181.0,16.34,87.0,24.5,10.0,24.51,9.0,67.76,5.0,68.13,25.0
2021-09-30 09:43:57.515602-04:00,35.19,90.0,35.24,90.0,18.38,76.0,18.39,633.0,16.68,1773.0,16.69,465.0,51.82,18.0,51.87,90.0,16.32,181.0,16.34,87.0,24.5,10.0,24.51,9.0,67.76,5.0,68.13,25.0
2021-09-30 09:43:57.515602-04:00,35.19,90.0,35.24,90.0,18.38,76.0,18.39,633.0,16.69,1295.0,16.7,1596.0,51.82,18.0,51.87,90.0,16.32,181.0,16.34,87.0,24.5,10.0,24.51,9.0,67.76,5.0,68.13,25.0
2021-09-30 09:43:57.515602-04:00,35.19,90.0,35.24,90.0,18.38,508.0,18.4,1110.0,16.69,1295.0,16.7,1596.0,51.82,18.0,51.87,90.0,16.32,181.0,16.34,87.0,24.5,10.0,24.51,9.0,67.76,5.0,68.13,25.0
2021-09-30 09:44:08.564063-04:00,35.2,72.0,35.26,18.0,18.38,508.0,18.4,1110.0,16.69,1295.0,16.7,1596.0,51.82,18.0,51.87,90.0,16.32,181.0,16.34,87.0,24.5,10.0,24.51,9.0,67.76,5.0,68.13,25.0
2021-09-30 09:44:08.564063-04:00,35.2,72.0,35.26,18.0,18.38,508.0,18.4,1110.0,16.69,1295.0,16.7,1596.0,51.82,18.0,51.87,90.0,16.32,181.0,16.34,87.0,24.5,77.0,24.51,9.0,67.76,5.0,68.13,25.0
2021-09-30 09:44:20.857197-04:00,35.21,90.0,35.26,96.0,18.38,508.0,18.4,1110.0,16.69,1370.0,16.7,1651.0,51.82,18.0,51.87,90.0,16.33,170.0,16.34,87.0,24.5,77.0,24.51,9.0,67.76,5.0,68.13,25.0
2021-09-30 09:44:20.857197-04:00,35.21,90.0,35.26,96.0,18.38,529.0,18.4,1009.0,16.69,1370.0,16.7,1651.0,51.82,96.0,51.87,90.0,16.33,170.0,16.34,87.0,24.5,77.0,24.51,9.0,67.76,5.0,68.13,25.0
2021-09-30 09:44:20.857197-04:00,35.21,90.0,35.26,96.0,18.38,529.0,18.4,1009.0,16.69,1370.0,16.7,1651.0,51.82,96.0,51.87,90.0,16.33,170.0,16.34,87.0,24.5,63.0,24.51,9.0,67.76,5.0,68.13,25.0
2021-09-30 09:44:20.857197-04:00,35.21,90.0,35.26,96.0,18.38,529.0,18.4,1009.0,16.69,1370.0,16.7,1651.0,51.82,96.0,51.87,90.0,16.33,170.0,16.34,87.0,24.5,63.0,24.51,9.0,67.76,5.0,68.11,25.0
2021-09-30 09:44:20.857197-04:00,35.21,90.0,35.26,96.0,18.38,529.0,18.4,1009.0,16.69,1370.0,16.7,1651.0,51.81,72.0,51.85,90.0,16.33,170.0,16.34,87.0,24.5,63.0,24.51,9.0,67.76,5.0,68.11,25.0
2021-09-30 09:44:20.857197-04:00,35.21,90.0,35.26,96.0,18.38,529.0,18.4,1009.0,16.69,1370.0,16.7,1651.0,51.81,72.0,51.85,90.0,16.33,162.0,16.34,87.0,24.5,63.0,24.51,9.0,67.76,5.0,68.11,25.0
2021-09-30 09:44:20.857197-04:00,35.21,90.0,35.26,96.0,18.38,529.0,18.4,1009.0,16.69,1411.0,16.7,1367.0,51.81,72.0,51.85,90.0,16.33,162.0,16.34,87.0,24.5,63.0,24.51,9.0,67.76,5.0,68.11,25.0
2021-09-30 09:44:20.857197-04:00,35.21,90.0,35.26,96.0,18.39,409.0,18.4,564.0,16.69,1411.0,16.7,1367.0,51.81,72.0,51.85,90.0,16.33,162.0,16.34,87.0,24.5,63.0,24.51,9.0,67.76,5.0,68.11,25.0
2021-09-30 09:44:28.531679-04:00,35.22,90.0,35.27,108.0,18.39,409.0,18.4,564.0,16.69,1411.0,16.7,1367.0,51.81,72.0,51.85,90.0,16.33,162.0,16.34,87.0,24.5,63.0,24.51,9.0,67.76,5.0,68.11,25.0
2021-09-30 09:44:28.531679-04:00,35.22,90.0,35.27,108.0,18.39,409.0,18.4,564.0,16.69,1411.0,16.7,1367.0,51.81,72.0,51.85,90.0,16.33,162.0,16.34,80.0,24.5,63.0,24.51,9.0,67.76,5.0,68.11,25.0
2021-09-30 09:44:28.531679-04:00,35.22,90.0,35.27,108.0,18.39,409.0,18.4,564.0,16.69,1411.0,16.7,1367.0,51.81,78.0,51.86,90.0,16.33,162.0,16.34,80.0,24.5,63.0,24.51,9.0,67.76,5.0,68.11,25.0
2021-09-30 09:44:28.531679-04:00,35.22,90.0,35.27,108.0,18.39,409.0,18.4,564.0,16.69,1459.0,16.7,1468.0,51.81,78.0,51.86,90.0,16.33,162.0,16.34,80.0,24.5,63.0,24.51,9.0,67.76,5.0,68.11,25.0
2021-09-30 09:44:28.531679-04:00,35.22,90.0,35.27,108.0,18.39,162.0,18.4,433.0,16.69,1459.0,16.7,1468.0,51.81,78.0,51.86,90.0,16.33,162.0,16.34,80.0,24.5,63.0,24.51,9.0,67.76,5.0,68.11,25.0
2021-09-30 09:44:38.558870-04:00,35.22,90.0,35.27,96.0,18.39,162.0,18.4,433.0,16.69,1459.0,16.7,1468.0,51.81,78.0,51.86,90.0,16.33,162.0,16.34,80.0,24.5,63.0,24.51,9.0,67.76,5.0,68.11,25.0
2021-09-30 09:44:38.558870-04:00,35.22,90.0,35.27,96.0,18.39,162.0,18.4,433.0,16.69,1459.0,16.7,1468.0,51.8,90.0,51.85,90.0,16.33,162.0,16.34,80.0,24.5,63.0,24.51,9.0,67.76,5.0,68.11,25.0
2021-09-30 09:44:47.696439-04:00,35.23,90.0,35.28,39.0,18.39,162.0,18.4,433.0,16.69,1459.0,16.7,1468.0,51.8,90.0,51.85,90.0,16.33,162.0,16.34,80.0,24.5,63.0,24.51,9.0,67.76,5.0,68.11,25.0
2021-09-30 09:44:47.696439-04:00,35.23,90.0,35.28,39.0,18.39,162.0,18.4,433.0,16.69,1745.0,16.7,537.0,51.8,90.0,51.85,90.0,16.33,162.0,16.34,80.0,24.5,63.0,24.51,9.0,67.76,5.0,68.11,25.0
2021-09-30 09:44:47.696439-04:00,35.23,90.0,35.28,39.0,18.39,471.0,18.4,24.0,16.69,1745.0,16.7,537.0,51.8,90.0,51.85,90.0,16.33,162.0,16.34,80.0,24.5,63.0,24.51,9.0,67.76,5.0,68.11,25.0
2021-09-30 09:45:01.075669-04:00,35.23,72.0,35.27,3.0,18.39,406.0,18.4,89.0,16.69,1471.0,16.7,1322.0,51.81,3.0,51.85,72.0,16.33,162.0,16.34,80.0,24.5,63.0,24.51,9.0,67.76,5.0,68.11,25.0
2021-09-30 09:45:01.079660-04:00,35.23,72.0,35.27,3.0,18.39,406.0,18.4,89.0,16.69,1471.0,16.7,1322.0,51.81,3.0,51.85,72.0,16.33,157.0,16.34,79.0,24.5,63.0,24.51,9.0,67.76,6.0,68.09,2.0
2021-09-30 09:45:01.079660-04:00,35.23,72.0,35.27,3.0,18.39,406.0,18.4,89.0,16.69,1471.0,16.7,1322.0,51.81,3.0,51.85,72.0,16.33,157.0,16.34,79.0,24.5,62.0,24.51,11.0,67.76,6.0,68.09,2.0
2021-09-30 09:45:01.079660-04:00,35.23,72.0,35.27,3.0,18.39,406.0,18.4,89.0,16.69,1471.0,16.7,1322.0,51.8,55.0,51.85,74.0,16.33,157.0,16.34,79.0,24.5,62.0,24.51,11.0,67.76,6.0,68.09,2.0
2021-09-30 09:45:05.443989-04:00,35.22,72.0,35.28,72.0,18.39,406.0,18.4,89.0,16.69,1471.0,16.7,1322.0,51.8,55.0,51.85,74.0,16.33,157.0,16.34,79.0,24.5,62.0,24.51,11.0,67.76,6.0,68.09,2.0
2021-09-30 09:45:05.443989-04:00,35.22,72.0,35.28,72.0,18.39,406.0,18.4,89.0,16.69,1668.0,16.7,1808.0,51.8,55.0,51.85,74.0,16.33,157.0,16.34,79.0,24.5,62.0,24.51,11.0,67.76,6.0,68.09,2.0
2021-09-30 09:45:05.443989-04:00,35.22,72.0,35.28,72.0,18.39,459.0,18.4,141.0,16.69,1668.0,16.7,1808.0,51.8,55.0,51.85,74.0,16.33,157.0,16.34,79.0,24.5,62.0,24.51,11.0,67.76,6.0,68.09,2.0
2021-09-30 09:45:05.443989-04:00,35.22,72.0,35.28,72.0,18.39,459.0,18.4,141.0,16.69,1668.0,16.7,1808.0,51.8,55.0,51.85,74.0,16.33,157.0,16.34,79.0,24.5,62.0,24.51,11.0,67.77,1.0,68.06,7.0
2021-09-30 09:45:05.443989-04:00,35.22,72.0,35.28,72.0,18.39,459.0,18.4,141.0,16.69,1668.0,16.7,1808.0,51.8,55.0,51.85,74.0,16.33,187.0,16.34,10.0,24.5,62.0,24.51,11.0,67.77,1.0,68.06,7.0
2021-09-30 09:45:05.443989-04:00,35.22,72.0,35.28,72.0,18.39,459.0,18.4,141.0,16.69,1668.0,16.7,1808.0,51.8,55.0,51.85,74.0,16.33,187.0,16.34,10.0,24.5,65.0,24.51,11.0,67.77,1.0,68.06,7.0
2021-09-30 09:45:05.443989-04:00,35.22,72.0,35.28,72.0,18.39,459.0,18.4,141.0,16.69,1668.0,16.7,1808.0,51.78,18.0,51.82,61.0,16.33,187.0,16.34,10.0,24.5,65.0,24.51,11.0,67.77,1.0,68.06,7.0
2021-09-30 09:45:05.443989-04:00,35.22,72.0,35.28,72.0,18.39,459.0,18.4,141.0,16.7,1557.0,16.71,1322.0,51.78,18.0,51.82,61.0,16.33,187.0,16.34,10.0,24.5,65.0,24.51,11.0,67.77,1.0,68.06,7.0
2021-09-30 09:45:05.443989-04:00,35.22,72.0,35.28,72.0,18.41,133.0,18.42,349.0,16.7,1557.0,16.71,1322.0,51.78,18.0,51.82,61.0,16.33,187.0,16.34,10.0,24.5,65.0,24.51,11.0,67.77,1.0,68.06,7.0
2021-09-30 09:45:18.563912-04:00,35.26,64.0,35.3,18.0,18.41,133.0,18.42,349.0,16.7,1557.0,16.71,1322.0,51.78,18.0,51.82,61.0,16.33,187.0,16.34,10.0,24.5,65.0,24.51,11.0,67.77,1.0,68.06,7.0
2021-09-30 09:45:18.563912-04:00,35.26,64.0,35.3,18.0,18.41,133.0,18.42,349.0,16.7,1557.0,16.71,1322.0,51.79,72.0,51.83,61.0,16.33,187.0,16.34,10.0,24.5,65.0,24.51,11.0,67.77,1.0,68.06,7.0
2021-09-30 09:45:18.563912-04:00,35.26,64.0,35.3,18.0,18.41,133.0,18.42,349.0,16.69,3371.0,16.7,149.0,51.79,72.0,51.83,61.0,16.33,187.0,16.34,10.0,24.5,65.0,24.51,11.0,67.77,1.0,68.06,7.0
2021-09-30 09:45:27.912916-04:00,35.24,104.0,35.29,18.0,18.41,133.0,18.42,349.0,16.69,3371.0,16.7,149.0,51.79,72.0,51.83,61.0,16.33,187.0,16.34,10.0,24.5,65.0,24.51,11.0,67.77,1.0,68.06,7.0
2021-09-30 09:45:27.912916-04:00,35.24,104.0,35.29,18.0,18.4,273.0,18.41,1084.0,16.69,3371.0,16.7,149.0,51.79,72.0,51.83,61.0,16.33,187.0,16.34,10.0,24.5,65.0,24.51,11.0,67.77,1.0,68.06,7.0
2021-09-30 09:45:41.285165-04:00,35.24,18.0,35.28,100.0,18.39,1303.0,18.4,330.0,16.69,2718.0,16.7,1256.0,51.8,100.0,51.84,110.0,16.33,187.0,16.34,10.0,24.5,65.0,24.51,11.0,67.77,1.0,68.06,7.0
2021-09-30 09:45:41.285165-04:00,35.24,18.0,35.28,100.0,18.39,1303.0,18.4,330.0,16.69,2718.0,16.7,1256.0,51.8,100.0,51.84,110.0,16.33,187.0,16.34,10.0,24.5,65.0,24.51,11.0,67.77,4.0,68.04,7.0
2021-09-30 09:45:41.285165-04:00,35.24,18.0,35.28,100.0,18.39,1303.0,18.4,330.0,16.69,2718.0,16.7,1256.0,51.8,100.0,51.84,110.0,16.33,163.0,16.34,73.0,24.5,65.0,24.51,11.0,67.77,4.0,68.04,7.0
2021-09-30 09:45:41.285165-04:00,35.24,18.0,35.28,100.0,18.39,1303.0,18.4,330.0,16.69,2718.0,16.7,1256.0,51.8,95.0,51.85,92.0,16.33,163.0,16.34,73.0,24.5,65.0,24.51,11.0,67.77,4.0,68.04,7.0
2021-09-30 09:45:41.285165-04:00,35.24,18.0,35.28,100.0,18.39,1303.0,18.4,330.0,16.69,2736.0,16.7,1227.0,51.8,95.0,51.85,92.0,16.33,163.0,16.34,73.0,24.5,65.0,24.51,11.0,67.77,4.0,68.04,7.0
2021-09-30 09:45:41.285165-04:00,35.24,18.0,35.28,100.0,18.39,1303.0,18.4,330.0,16.69,2736.0,16.7,1227.0,51.8,95.0,51.85,92.0,16.33,163.0,16.34,73.0,24.5,69.0,24.51,11.0,67.77,4.0,68.04,7.0
2021-09-30 09:45:41.285165-04:00,35.24,18.0,35.28,100.0,18.39,1261.0,18.4,327.0,16.69,2736.0,16.7,1227.0,51.8,95.0,51.85,92.0,16.33,163.0,16.34,73.0,24.5,69.0,24.51,11.0,67.77,4.0,68.04,7.0
2021-09-30 09:45:48.682386-04:00,35.23,72.0,35.28,95.0,18.39,1261.0,18.4,327.0,16.69,2736.0,16.7,1227.0,51.8,95.0,51.85,92.0,16.33,163.0,16.34,73.0,24.5,69.0,24.51,11.0,67.77,4.0,68.04,7.0
2021-09-30 09:45:48.682386-04:00,35.23,72.0,35.28,95.0,18.39,1261.0,18.4,327.0,16.69,2736.0,16.7,1227.0,51.8,95.0,51.85,92.0,16.33,163.0,16.34,73.0,24.5,69.0,24.51,11.0,67.77,4.0,68.03,7.0
2021-09-30 09:45:48.682386-04:00,35.23,72.0,35.28,95.0,18.39,1261.0,18.4,327.0,16.69,2736.0,16.7,1227.0,51.8,95.0,51.85,92.0,16.33,180.0,16.34,70.0,24.5,66.0,24.51,11.0,67.77,4.0,68.03,7.0
2021-09-30 09:45:48.682386-04:00,35.23,72.0,35.28,95.0,18.39,1261.0,18.4,327.0,16.69,2736.0,16.7,1227.0,51.79,72.0,51.83,127.0,16.33,180.0,16.34,70.0,24.5,66.0,24.51,11.0,67.77,4.0,68.03,7.0
2021-09-30 09:45:48.682386-04:00,35.23,72.0,35.28,95.0,18.39,1261.0,18.4,327.0,16.69,2740.0,16.7,751.0,51.79,72.0,51.83,127.0,16.33,180.0,16.34,70.0,24.5,66.0,24.51,11.0,67.77,4.0,68.03,7.0
2021-09-30 09:45:48.682386-04:00,35.23,72.0,35.28,95.0,18.4,132.0,18.41,1662.0,16.69,2740.0,16.7,751.0,51.79,72.0,51.83,127.0,16.33,180.0,16.34,70.0,24.5,66.0,24.51,11.0,67.77,4.0,68.03,7.0
2021-09-30 09:45:58.709577-04:00,35.24,90.0,35.29,95.0,18.4,132.0,18.41,1662.0,16.69,2740.0,16.7,751.0,51.79,72.0,51.83,127.0,16.33,180.0,16.34,70.0,24.5,66.0,24.51,11.0,67.77,4.0,68.03,7.0
2021-09-30 09:46:02.467530-04:00,35.24,90.0,35.29,95.0,18.4,132.0,18.41,1662.0,16.69,2740.0,16.7,751.0,51.79,72.0,51.83,127.0,16.33,180.0,16.34,70.0,24.5,67.0,24.51,11.0,67.77,4.0,68.03,7.0
2021-09-30 09:46:02.467530-04:00,35.24,90.0,35.29,95.0,18.4,132.0,18.41,1662.0,16.69,2740.0,16.7,751.0,51.79,72.0,51.83,127.0,16.33,180.0,16.34,70.0,24.5,67.0,24.51,11.0,67.77,3.0,68.03,7.0
2021-09-30 09:46:08.125404-04:00,35.25,90.0,35.29,72.0,18.4,132.0,18.41,1662.0,16.69,2740.0,16.7,751.0,51.79,72.0,51.83,127.0,16.33,180.0,16.34,70.0,24.5,67.0,24.51,11.0,67.77,3.0,68.03,7.0
2021-09-30 09:46:08.125404-04:00,35.25,90.0,35.29,72.0,18.4,132.0,18.41,1662.0,16.69,2740.0,16.7,751.0,51.79,72.0,51.83,127.0,16.33,165.0,16.34,23.0,24.5,67.0,24.51,11.0,67.77,3.0,68.03,7.0
2021-09-30 09:46:08.125404-04:00,35.25,90.0,35.29,72.0,18.4,132.0,18.41,1662.0,16.69,2740.0,16.7,751.0,51.79,59.0,51.83,110.0,16.33,165.0,16.34,23.0,24.5,67.0,24.51,11.0,67.77,3.0,68.03,7.0
2021-09-30 09:46:08.125404-04:00,35.25,90.0,35.29,72.0,18.4,132.0,18.41,1662.0,16.69,2954.0,16.7,607.0,51.79,59.0,51.83,110.0,16.33,165.0,16.34,23.0,24.5,67.0,24.51,11.0,67.77,3.0,68.03,7.0
2021-09-30 09:46:08.125404-04:00,35.25,90.0,35.29,72.0,18.4,443.0,18.41,1119.0,16.69,2954.0,16.7,607.0,51.79,59.0,51.83,110.0,16.33,165.0,16.34,23.0,24.5,67.0,24.51,11.0,67.77,3.0,68.03,7.0
2021-09-30 09:46:08.125404-04:00,35.25,90.0,35.29,72.0,18.4,443.0,18.41,1119.0,16.69,2954.0,16.7,607.0,51.79,59.0,51.83,110.0,16.33,156.0,16.34,23.0,24.5,67.0,24.51,11.0,67.77,3.0,68.03,7.0
2021-09-30 09:46:08.125404-04:00,35.25,90.0,35.29,72.0,18.4,443.0,18.41,1119.0,16.69,2583.0,16.7,608.0,51.79,46.0,51.83,20.0,16.33,156.0,16.34,23.0,24.5,67.0,24.51,11.0,67.77,3.0,68.03,7.0
2021-09-30 09:46:17.550206-04:00,35.24,90.0,35.29,100.0,18.4,443.0,18.41,1119.0,16.69,2583.0,16.7,608.0,51.79,46.0,51.83,20.0,16.33,156.0,16.34,23.0,24.5,69.0,24.51,11.0,67.77,3.0,68.03,7.0
2021-09-30 09:46:17.550206-04:00,35.24,90.0,35.29,100.0,18.4,159.0,18.41,1097.0,16.69,2583.0,16.7,608.0,51.79,46.0,51.83,20.0,16.33,156.0,16.34,23.0,24.5,69.0,24.51,11.0,67.77,3.0,68.03,7.0
2021-09-30 09:46:17.550206-04:00,35.24,90.0,35.29,100.0,18.4,159.0,18.41,1097.0,16.69,2583.0,16.7,608.0,51.79,46.0,51.83,20.0,16.33,169.0,16.35,71.0,24.5,69.0,24.51,11.0,67.77,3.0,68.03,7.0
2021-09-30 09:46:17.550206-04:00,35.24,90.0,35.29,100.0,18.4,159.0,18.41,1097.0,16.69,2583.0,16.7,608.0,51.79,46.0,51.83,20.0,16.33,169.0,16.35,71.0,24.5,69.0,24.51,10.0,67.77,3.0,68.03,7.0
2021-09-30 09:46:17.550206-04:00,35.24,90.0,35.29,100.0,18.4,159.0,18.41,1097.0,16.69,2583.0,16.7,608.0,51.79,46.0,51.83,20.0,16.33,169.0,16.35,71.0,24.5,69.0,24.51,10.0,67.76,3.0,68.02,7.0
2021-09-30 09:46:17.550206-04:00,35.24,90.0,35.29,100.0,18.4,159.0,18.41,1097.0,16.69,2583.0,16.7,608.0,51.75,135.0,51.79,20.0,16.33,169.0,16.35,71.0,24.5,69.0,24.51,10.0,67.76,3.0,68.02,7.0
2021-09-30 09:46:17.550206-04:00,35.24,90.0,35.29,100.0,18.4,159.0,18.41,1097.0,16.7,1862.0,16.71,2504.0,51.75,135.0,51.79,20.0,16.33,169.0,16.35,71.0,24.5,69.0,24.51,10.0,67.76,3.0,68.02,7.0
2021-09-30 09:46:27.580388-04:00,35.28,90.0,35.33,135.0,18.4,159.0,18.41,1097.0,16.7,1862.0,16.71,2504.0,51.75,135.0,51.79,20.0,16.33,169.0,16.35,71.0,24.5,69.0,24.51,10.0,67.76,3.0,68.02,7.0
2021-09-30 09:46:27.580388-04:00,35.28,90.0,35.33,135.0,18.41,782.0,18.42,286.0,16.7,1862.0,16.71,2504.0,51.75,135.0,51.79,20.0,16.33,169.0,16.35,71.0,24.5,69.0,24.51,10.0,67.76,3.0,68.02,7.0
2021-09-30 09:46:27.580388-04:00,35.28,90.0,35.33,135.0,18.41,782.0,18.42,286.0,16.7,1862.0,16.71,2504.0,51.75,135.0,51.79,20.0,16.33,169.0,16.35,71.0,24.5,60.0,24.51,10.0,67.76,3.0,68.02,7.0
2021-09-30 09:46:27.580388-04:00,35.28,90.0,35.33,135.0,18.41,782.0,18.42,286.0,16.7,1862.0,16.71,2504.0,51.75,135.0,51.79,20.0,16.33,169.0,16.35,71.0,24.5,60.0,24.51,10.0,67.76,2.0,68.01,7.0
2021-09-30 09:46:27.580388-04:00,35.28,90.0,35.33,135.0,18.41,782.0,18.42,286.0,16.7,1862.0,16.71,2504.0,51.75,135.0,51.79,20.0,16.34,142.0,16.35,71.0,24.5,60.0,24.51,10.0,67.76,2.0,68.01,7.0
2021-09-30 09:46:27.580388-04:00,35.28,90.0,35.33,135.0,18.41,782.0,18.42,286.0,16.7,1862.0,16.71,2504.0,51.73,124.0,51.77,92.0,16.34,142.0,16.35,71.0,24.5,60.0,24.51,10.0,67.76,2.0,68.01,7.0
2021-09-30 09:46:27.580388-04:00,35.28,90.0,35.33,135.0,18.41,782.0,18.42,286.0,16.7,2752.0,16.71,1438.0,51.73,124.0,51.77,92.0,16.34,142.0,16.35,71.0,24.5,60.0,24.51,10.0,67.76,2.0,68.01,7.0
2021-09-30 09:46:27.580388-04:00,35.28,90.0,35.33,135.0,18.42,1063.0,18.43,1137.0,16.7,2752.0,16.71,1438.0,51.73,124.0,51.77,92.0,16.34,142.0,16.35,71.0,24.5,60.0,24.51,10.0,67.76,2.0,68.01,7.0
2021-09-30 09:46:38.626857-04:00,35.3,90.0,35.34,18.0,18.42,1063.0,18.43,1137.0,16.7,2752.0,16.71,1438.0,51.73,124.0,51.77,92.0,16.34,142.0,16.35,71.0,24.5,60.0,24.51,10.0,67.76,2.0,68.01,7.0
2021-09-30 09:46:38.626857-04:00,35.3,90.0,35.34,18.0,18.42,1063.0,18.43,1137.0,16.7,2752.0,16.71,1438.0,51.73,124.0,51.77,92.0,16.33,175.0,16.35,71.0,24.5,60.0,24.51,10.0,67.76,3.0,68.01,7.0
2021-09-30 09:46:38.626857-04:00,35.3,90.0,35.34,18.0,18.42,1063.0,18.43,1137.0,16.7,2752.0,16.71,1438.0,51.73,124.0,51.77,92.0,16.33,175.0,16.35,71.0,24.5,72.0,24.51,10.0,67.76,3.0,68.01,7.0
2021-09-30 09:46:38.626857-04:00,35.3,90.0,35.34,18.0,18.42,1063.0,18.43,1137.0,16.7,2752.0,16.71,1438.0,51.76,26.0,51.8,56.0,16.33,175.0,16.35,71.0,24.5,72.0,24.51,10.0,67.76,3.0,68.01,7.0
2021-09-30 09:46:48.308970-04:00,35.25,37.0,35.33,116.0,18.42,1063.0,18.43,1137.0,16.7,2752.0,16.71,1438.0,51.76,26.0,51.8,56.0,16.33,175.0,16.35,71.0,24.5,72.0,24.51,10.0,67.76,3.0,68.01,7.0
2021-09-30 09:46:48.308970-04:00,35.25,37.0,35.33,116.0,18.42,1063.0,18.43,1137.0,16.7,1977.0,16.71,2320.0,51.76,26.0,51.8,56.0,16.33,175.0,16.35,71.0,24.5,72.0,24.51,10.0,67.76,3.0,68.01,7.0
2021-09-30 09:46:48.308970-04:00,35.25,37.0,35.33,116.0,18.41,1261.0,18.42,696.0,16.7,1977.0,16.71,2320.0,51.76,26.0,51.8,56.0,16.33,175.0,16.35,71.0,24.5,72.0,24.51,10.0,67.76,3.0,68.01,7.0
2021-09-30 09:46:48.308970-04:00,35.25,37.0,35.33,116.0,18.41,1261.0,18.42,696.0,16.7,1977.0,16.71,2320.0,51.76,26.0,51.8,56.0,16.33,175.0,16.35,71.0,24.5,72.0,24.51,11.0,67.76,3.0,68.01,7.0
2021-09-30 09:46:48.308970-04:00,35.25,37.0,35.33,116.0,18.41,1261.0,18.42,696.0,16.7,1977.0,16.71,2320.0,51.76,26.0,51.8,56.0,16.33,175.0,16.35,71.0,24.5,72.0,24.51,11.0,67.76,3.0,67.98,7.0
2021-09-30 09:46:48.308970-04:00,35.25,37.0,35.33,116.0,18.41,1261.0,18.42,696.0,16.7,1951.0,16.71,2327.0,51.76,26.0,51.8,56.0,16.33,175.0,16.35,71.0,24.5,72.0,24.51,11.0,67.76,3.0,67.98,7.0
2021-09-30 09:47:01.768983-04:00,35.28,90.0,35.33,34.0,18.41,1103.0,18.42,501.0,16.7,1951.0,16.71,2327.0,51.75,26.0,51.79,20.0,16.33,175.0,16.35,71.0,24.5,72.0,24.51,11.0,67.76,3.0,67.98,7.0
2021-09-30 09:47:01.768983-04:00,35.28,90.0,35.33,34.0,18.41,1103.0,18.42,501.0,16.7,1951.0,16.71,2327.0,51.75,26.0,51.79,20.0,16.33,175.0,16.35,71.0,24.5,72.0,24.51,11.0,67.76,6.0,67.95,7.0
2021-09-30 09:47:06.637964-04:00,35.27,72.0,35.32,90.0,18.41,1103.0,18.42,501.0,16.7,1951.0,16.71,2327.0,51.75,26.0,51.79,20.0,16.33,175.0,16.35,71.0,24.5,72.0,24.51,11.0,67.76,6.0,67.95,7.0
2021-09-30 09:47:06.637964-04:00,35.27,72.0,35.32,90.0,18.41,1103.0,18.42,501.0,16.7,1951.0,16.71,2327.0,51.75,26.0,51.79,20.0,16.33,184.0,16.35,76.0,24.5,72.0,24.51,11.0,67.76,6.0,67.95,7.0
2021-09-30 09:47:06.637964-04:00,35.27,72.0,35.32,90.0,18.41,1103.0,18.42,501.0,16.7,1951.0,16.71,2327.0,51.76,90.0,51.81,110.0,16.33,184.0,16.35,76.0,24.5,72.0,24.51,11.0,67.76,6.0,67.95,7.0
2021-09-30 09:47:06.637964-04:00,35.27,72.0,35.32,90.0,18.41,1103.0,18.42,501.0,16.7,2117.0,16.71,2451.0,51.76,90.0,51.81,110.0,16.33,184.0,16.35,76.0,24.5,72.0,24.51,11.0,67.76,6.0,67.95,7.0
2021-09-30 09:47:06.637964-04:00,35.27,72.0,35.32,90.0,18.4,1717.0,18.41,141.0,16.7,2117.0,16.71,2451.0,51.76,90.0,51.81,110.0,16.33,184.0,16.35,76.0,24.5,72.0,24.51,11.0,67.76,6.0,67.95,7.0
2021-09-30 09:47:06.637964-04:00,35.27,72.0,35.32,90.0,18.4,1717.0,18.41,141.0,16.7,2117.0,16.71,2451.0,51.76,90.0,51.81,110.0,16.33,184.0,16.35,76.0,24.5,72.0,24.51,11.0,67.76,8.0,67.95,7.0
2021-09-30 09:47:06.637964-04:00,35.27,72.0,35.32,90.0,18.4,1717.0,18.41,141.0,16.7,2117.0,16.71,2451.0,51.79,26.0,51.83,75.0,16.33,184.0,16.35,76.0,24.5,72.0,24.51,11.0,67.76,8.0,67.95,7.0
2021-09-30 09:47:06.637964-04:00,35.27,72.0,35.32,90.0,18.4,1717.0,18.41,141.0,16.7,2117.0,16.71,2451.0,51.79,26.0,51.83,75.0,16.33,158.0,16.34,74.0,24.5,72.0,24.51,11.0,67.76,8.0,67.95,7.0
2021-09-30 09:47:18.699716-04:00,35.25,90.0,35.3,160.0,18.4,1717.0,18.41,141.0,16.7,2117.0,16.71,2451.0,51.79,26.0,51.83,75.0,16.33,158.0,16.34,74.0,24.5,72.0,24.51,11.0,67.76,8.0,67.95,7.0
2021-09-30 09:47:18.699716-04:00,35.25,90.0,35.3,160.0,18.4,1717.0,18.41,141.0,16.7,676.0,16.71,2575.0,51.79,26.0,51.83,75.0,16.33,158.0,16.34,74.0,24.5,72.0,24.51,11.0,67.76,8.0,67.95,7.0
2021-09-30 09:47:18.699716-04:00,35.25,90.0,35.3,160.0,18.4,1717.0,18.41,141.0,16.7,676.0,16.71,2575.0,51.79,26.0,51.83,75.0,16.33,158.0,16.34,74.0,24.5,82.0,24.51,19.0,67.76,8.0,67.95,7.0
2021-09-30 09:47:18.699716-04:00,35.25,90.0,35.3,160.0,18.4,584.0,18.41,561.0,16.7,676.0,16.71,2575.0,51.79,26.0,51.83,75.0,16.33,158.0,16.34,74.0,24.5,82.0,24.51,19.0,67.76,8.0,67.95,7.0
2021-09-30 09:47:18.699716-04:00,35.25,90.0,35.3,160.0,18.4,584.0,18.41,561.0,16.7,676.0,16.71,2575.0,51.79,26.0,51.83,75.0,16.33,175.0,16.34,65.0,24.5,68.0,24.51,19.0,67.76,8.0,67.94,7.0
2021-09-30 09:47:18.699716-04:00,35.25,90.0,35.3,160.0,18.4,584.0,18.41,561.0,16.7,676.0,16.71,2575.0,51.75,18.0,51.8,74.0,16.33,175.0,16.34,65.0,24.5,68.0,24.51,19.0,67.76,8.0,67.94,7.0
2021-09-30 09:47:28.675046-04:00,35.27,90.0,35.32,106.0,18.4,584.0,18.41,561.0,16.7,2262.0,16.71,2647.0,51.75,18.0,51.8,74.0,16.33,175.0,16.34,65.0,24.5,68.0,24.51,19.0,67.76,8.0,67.94,7.0
2021-09-30 09:47:28.675046-04:00,35.27,90.0,35.32,106.0,18.41,178.0,18.42,1448.0,16.7,2262.0,16.71,2647.0,51.75,18.0,51.8,74.0,16.33,175.0,16.34,65.0,24.5,68.0,24.51,19.0,67.76,8.0,67.94,7.0
2021-09-30 09:47:28.675046-04:00,35.27,90.0,35.32,106.0,18.41,178.0,18.42,1448.0,16.7,2262.0,16.71,2647.0,51.76,88.0,51.81,111.0,16.33,175.0,16.34,65.0,24.5,68.0,24.51,19.0,67.76,8.0,67.94,7.0
2021-09-30 09:47:28.675046-04:00,35.27,90.0,35.32,106.0,18.41,178.0,18.42,1448.0,16.7,2262.0,16.71,2647.0,51.76,88.0,51.81,111.0,16.33,185.0,16.34,65.0,24.5,68.0,24.51,19.0,67.76,8.0,67.94,7.0
2021-09-30 09:47:35.618481-04:00,35.27,90.0,35.32,133.0,18.41,178.0,18.42,1448.0,16.7,2262.0,16.71,2647.0,51.76,88.0,51.81,111.0,16.33,185.0,16.34,65.0,24.5,68.0,24.51,19.0,67.76,8.0,67.94,7.0
2021-09-30 09:47:35.618481-04:00,35.27,90.0,35.32,133.0,18.41,178.0,18.42,1448.0,16.7,2234.0,16.71,2649.0,51.76,88.0,51.81,111.0,16.33,185.0,16.34,65.0,24.5,68.0,24.51,19.0,67.76,8.0,67.94,7.0
2021-09-30 09:47:35.618481-04:00,35.27,90.0,35.32,133.0,18.4,1824.0,18.41,156.0,16.7,2234.0,16.71,2649.0,51.76,88.0,51.81,111.0,16.33,185.0,16.34,65.0,24.5,68.0,24.51,19.0,67.76,8.0,67.94,7.0
2021-09-30 09:47:35.618481-04:00,35.27,90.0,35.32,133.0,18.4,1824.0,18.41,156.0,16.7,2234.0,16.71,2649.0,51.77,8.0,51.81,111.0,16.33,185.0,16.34,65.0,24.5,68.0,24.51,19.0,67.76,8.0,67.94,7.0
2021-09-30 09:47:44.557582-04:00,35.27,18.0,35.32,52.0,18.4,1824.0,18.41,156.0,16.7,2234.0,16.71,2649.0,51.77,8.0,51.81,111.0,16.33,185.0,16.34,65.0,24.5,68.0,24.51,19.0,67.76,8.0,67.94,7.0
2021-09-30 09:47:44.557582-04:00,35.27,18.0,35.32,52.0,18.4,1824.0,18.41,156.0,16.7,2234.0,16.71,2649.0,51.77,8.0,51.81,111.0,16.33,176.0,16.34,65.0,24.5,68.0,24.51,19.0,67.76,8.0,67.94,7.0
2021-09-30 09:47:44.557582-04:00,35.27,18.0,35.32,52.0,18.4,1844.0,18.41,218.0,16.7,2234.0,16.71,2649.0,51.77,8.0,51.81,111.0,16.33,176.0,16.34,65.0,24.5,68.0,24.51,19.0,67.76,8.0,67.94,7.0
2021-09-30 09:47:44.557582-04:00,35.27,18.0,35.32,52.0,18.4,1844.0,18.41,218.0,16.7,2234.0,16.71,2649.0,51.77,8.0,51.81,111.0,16.33,176.0,16.34,65.0,24.5,68.0,24.51,19.0,67.76,8.0,67.94,2.0
2021-09-30 09:47:44.557582-04:00,35.27,18.0,35.32,52.0,18.4,1844.0,18.41,218.0,16.7,2234.0,16.71,2649.0,51.77,26.0,51.81,111.0,16.33,176.0,16.34,65.0,24.5,68.0,24.51,19.0,67.76,8.0,67.94,2.0
2021-09-30 09:47:57.434155-04:00,35.27,18.0,35.31,26.0,18.4,1844.0,18.41,218.0,16.7,2234.0,16.71,2649.0,51.77,26.0,51.81,111.0,16.33,176.0,16.34,65.0,24.5,68.0,24.51,19.0,67.76,8.0,67.94,2.0
2021-09-30 09:47:57.434155-04:00,35.27,18.0,35.31,26.0,18.4,1844.0,18.41,218.0,16.7,2152.0,16.71,2948.0,51.77,26.0,51.81,111.0,16.33,176.0,16.34,65.0,24.5,68.0,24.51,19.0,67.76,8.0,67.94,2.0
2021-09-30 09:47:57.434155-04:00,35.27,18.0,35.31,26.0,18.4,1742.0,18.41,323.0,16.7,2152.0,16.71,2948.0,51.77,26.0,51.81,111.0,16.33,176.0,16.34,65.0,24.5,68.0,24.51,19.0,67.76,8.0,67.94,2.0
2021-09-30 09:47:57.434155-04:00,35.27,18.0,35.31,26.0,18.4,1742.0,18.41,323.0,16.7,2152.0,16.71,2948.0,51.77,26.0,51.81,111.0,16.33,176.0,16.34,65.0,24.5,71.0,24.51,19.0,67.76,8.0,67.94,2.0
2021-09-30 09:47:57.434155-04:00,35.27,18.0,35.31,26.0,18.4,1742.0,18.41,323.0,16.7,2152.0,16.71,2948.0,51.77,26.0,51.81,111.0,16.33,198.0,16.34,77.0,24.5,71.0,24.51,19.0,67.76,8.0,67.94,2.0
2021-09-30 09:48:08.987270-04:00,35.24,90.0,35.29,28.0,18.4,1742.0,18.41,323.0,16.7,2152.0,16.71,2948.0,51.79,11.0,51.83,93.0,16.33,198.0,16.34,77.0,24.5,71.0,24.51,19.0,67.76,8.0,67.94,2.0
2021-09-30 09:48:08.987270-04:00,35.24,90.0,35.29,28.0,18.4,1742.0,18.41,323.0,16.7,299.0,16.71,3240.0,51.79,11.0,51.83,93.0,16.33,198.0,16.34,77.0,24.5,71.0,24.51,19.0,67.76,8.0,67.94,2.0
2021-09-30 09:48:08.987270-04:00,35.24,90.0,35.29,28.0,18.39,1374.0,18.4,226.0,16.7,299.0,16.71,3240.0,51.79,11.0,51.83,93.0,16.33,198.0,16.34,77.0,24.5,71.0,24.51,19.0,67.76,8.0,67.94,2.0
2021-09-30 09:48:08.987270-04:00,35.24,90.0,35.29,28.0,18.39,1374.0,18.4,226.0,16.7,299.0,16.71,3240.0,51.76,110.0,51.8,20.0,16.33,198.0,16.34,77.0,24.5,71.0,24.51,19.0,67.76,8.0,67.94,2.0
2021-09-30 09:48:08.987270-04:00,35.24,90.0,35.29,28.0,18.39,1374.0,18.4,226.0,16.7,299.0,16.71,3240.0,51.76,110.0,51.8,20.0,16.33,174.0,16.34,62.0,24.5,71.0,24.51,19.0,67.76,8.0,67.94,2.0
2021-09-30 09:48:18.568651-04:00,35.27,72.0,35.32,126.0,18.39,1374.0,18.4,226.0,16.7,2467.0,16.71,2670.0,51.76,110.0,51.8,20.0,16.33,174.0,16.34,62.0,24.5,71.0,24.51,19.0,67.76,8.0,67.94,2.0
2021-09-30 09:48:18.568651-04:00,35.27,72.0,35.32,126.0,18.39,1374.0,18.4,226.0,16.7,2467.0,16.71,2670.0,51.76,110.0,51.8,20.0,16.33,174.0,16.34,62.0,24.5,64.0,24.51,19.0,67.76,8.0,67.94,2.0
