time,bid1,bid_size1,ask1,ask_size1,bid2,bid_size2,ask2,ask_size2,bid3,bid_size3,ask3,ask_size3,bid4,bid_size4,ask4,ask_size4,bid5,bid_size5,ask5,ask_size5,bid6,bid_size6,ask6,ask_size6,bid7,bid_size7,ask7,ask_size7
2021-09-24 09:30:06.094881-04:00,32.55,100.0,32.61,60.0,17.44,550.0,17.45,292.0,16.25,1364.0,16.26,731.0,54.68,90.0,54.78,72.0,16.06,70.0,16.07,20.0,24.29,51.0,24.31,191.0,68.79,5.0,69.37,2.0
2021-09-24 09:30:06.550662-04:00,32.56,80.0,32.62,40.0,17.44,550.0,17.45,292.0,16.25,1364.0,16.26,731.0,54.68,90.0,54.78,72.0,16.06,70.0,16.07,20.0,24.29,51.0,24.31,191.0,68.79,5.0,69.37,2.0
2021-09-24 09:30:06.550662-04:00,32.56,80.0,32.62,40.0,17.44,1254.0,17.45,25.0,16.25,1364.0,16.26,731.0,54.64,70.0,54.77,72.0,16.06,70.0,16.07,20.0,24.29,51.0,24.31,191.0,68.79,5.0,69.37,2.0
2021-09-24 09:30:06.550662-04:00,32.56,80.0,32.62,40.0,17.44,1254.0,17.45,25.0,16.25,1364.0,16.26,57.0,54.64,70.0,54.77,72.0,16.06,70.0,16.07,20.0,24.29,51.0,24.31,191.0,68.79,5.0,69.37,2.0
2021-09-24 09:30:10.556949-04:00,32.56,80.0,32.62,40.0,17.44,1254.0,17.45,25.0,16.25,1364.0,16.26,57.0,54.64,70.0,54.77,72.0,16.07,12.0,16.08,157.0,24.29,51.0,24.31,210.0,68.79,5.0,69.37,2.0
2021-09-24 09:30:10.556949-04:00,32.56,80.0,32.62,40.0,17.44,1254.0,17.45,25.0,16.26,344.0,16.27,988.0,54.64,70.0,54.77,72.0,16.07,12.0,16.08,157.0,24.29,51.0,24.31,210.0,68.79,5.0,69.37,2.0
2021-09-24 09:30:10.556949-04:00,32.56,80.0,32.62,40.0,17.44,1254.0,17.45,25.0,16.26,344.0,16.27,988.0,54.67,72.0,54.76,72.0,16.07,9.0,16.08,157.0,24.29,51.0,24.31,210.0,68.79,5.0,69.37,2.0
2021-09-24 09:30:31.181807-04:00,32.57,20.0,32.62,60.0,17.44,1254.0,17.45,25.0,16.26,344.0,16.27,988.0,54.67,72.0,54.76,72.0,16.07,9.0,16.08,157.0,24.29,51.0,24.31,210.0,68.79,5.0,69.37,2.0
2021-09-24 09:30:31.181807-04:00,32.57,20.0,32.62,60.0,17.44,1254.0,17.45,25.0,16.26,344.0,16.27,988.0,54.67,72.0,54.76,72.0,16.07,9.0,16.08,157.0,24.29,51.0,24.31,30.0,68.79,5.0,69.37,2.0
2021-09-24 09:30:31.181807-04:00,32.57,20.0,32.62,60.0,17.44,1223.0,17.46,391.0,16.26,344.0,16.27,988.0,54.67,72.0,54.76,72.0,16.07,9.0,16.08,157.0,24.29,51.0,24.31,30.0,68.79,5.0,69.37,2.0
2021-09-24 09:30:31.181807-04:00,32.57,20.0,32.62,60.0,17.44,1223.0,17.46,391.0,16.26,968.0,16.27,988.0,54.67,72.0,54.76,72.0,16.07,9.0,16.08,157.0,24.29,51.0,24.31,30.0,68.79,5.0,69.37,2.0
2021-09-24 09:30:31.181807-04:00,32.57,20.0,32.62,60.0,17.44,1223.0,17.46,391.0,16.26,968.0,16.27,988.0,54.67,72.0,54.76,72.0,16.07,9.0,16.08,157.0,24.3,11.0,24.31,160.0,68.79,5.0,69.37,2.0
2021-09-24 09:30:31.181807-04:00,32.57,20.0,32.62,60.0,17.44,1222.0,17.46,391.0,16.26,968.0,16.27,988.0,54.67,72.0,54.76,72.0,16.07,9.0,16.08,157.0,24.3,11.0,24.31,160.0,68.79,5.0,69.37,2.0
2021-09-24 09:30:31.181807-04:00,32.57,20.0,32.62,60.0,17.44,1222.0,17.46,391.0,16.26,968.0,16.27,988.0,54.67,18.0,54.76,72.0,16.07,9.0,16.08,157.0,24.3,11.0,24.31,160.0,68.79,5.0,69.37,2.0
2021-09-24 09:30:36.707034-04:00,32.57,20.0,32.62,20.0,17.44,1222.0,17.46,391.0,16.26,968.0,16.27,988.0,54.67,18.0,54.76,72.0,16.07,9.0,16.08,157.0,24.3,11.0,24.31,160.0,68.79,5.0,69.37,2.0
2021-09-24 09:30:36.707034-04:00,32.57,20.0,32.62,20.0,17.44,1222.0,17.46,391.0,16.26,968.0,16.27,988.0,54.67,18.0,54.76,72.0,16.07,9.0,16.08,157.0,24.3,11.0,24.31,129.0,68.79,5.0,69.37,2.0
2021-09-24 09:30:36.707034-04:00,32.57,20.0,32.62,20.0,17.44,1222.0,17.46,391.0,16.26,968.0,16.27,988.0,54.67,72.0,54.75,18.0,16.07,9.0,16.08,157.0,24.3,11.0,24.31,129.0,68.79,5.0,69.37,2.0
2021-09-24 09:30:36.707034-04:00,32.57,20.0,32.62,20.0,17.44,1315.0,17.46,397.0,16.26,968.0,16.27,988.0,54.67,72.0,54.75,18.0,16.07,9.0,16.08,157.0,24.3,11.0,24.31,129.0,68.79,5.0,69.37,2.0
2021-09-24 09:30:48.719917-04:00,32.57,100.0,32.62,40.0,17.44,1315.0,17.46,397.0,16.26,1089.0,16.27,988.0,54.67,72.0,54.75,18.0,16.07,9.0,16.08,157.0,24.3,11.0,24.31,129.0,68.79,5.0,69.37,2.0
2021-09-24 09:30:48.719917-04:00,32.57,100.0,32.62,40.0,17.44,1269.0,17.46,415.0,16.26,1089.0,16.27,988.0,54.67,72.0,54.75,18.0,16.07,9.0,16.08,157.0,24.3,11.0,24.31,162.0,68.79,5.0,69.37,2.0
2021-09-24 09:30:48.719917-04:00,32.57,100.0,32.62,40.0,17.44,1269.0,17.46,415.0,16.26,1089.0,16.27,988.0,54.67,18.0,54.76,72.0,16.07,9.0,16.08,157.0,24.3,11.0,24.31,162.0,68.79,5.0,69.37,2.0
2021-09-24 09:30:57.974189-04:00,32.57,100.0,32.62,20.0,17.44,1269.0,17.46,415.0,16.26,1089.0,16.27,988.0,54.67,18.0,54.76,72.0,16.07,9.0,16.08,157.0,24.3,11.0,24.31,162.0,68.79,5.0,69.37,2.0
2021-09-24 09:30:57.974189-04:00,32.57,100.0,32.62,20.0,17.44,1269.0,17.46,415.0,16.26,1089.0,16.27,988.0,54.67,18.0,54.76,72.0,16.07,73.0,16.08,157.0,24.3,11.0,24.31,162.0,68.79,5.0,69.37,2.0
2021-09-24 09:30:57.974189-04:00,32.57,100.0,32.62,20.0,17.44,1269.0,17.46,415.0,16.26,1089.0,16.27,988.0,54.67,18.0,54.76,72.0,16.07,73.0,16.08,157.0,24.3,66.0,24.32,322.0,68.79,5.0,69.37,2.0
2021-09-24 09:30:57.974189-04:00,32.57,100.0,32.62,20.0,17.44,1269.0,17.46,415.0,16.26,1089.0,16.27,1804.0,54.67,18.0,54.76,72.0,16.07,73.0,16.08,157.0,24.3,66.0,24.32,322.0,68.79,5.0,69.37,2.0
2021-09-24 09:30:57.974189-04:00,32.57,100.0,32.62,20.0,17.45,939.0,17.46,531.0,16.26,1089.0,16.27,1804.0,54.66,72.0,54.75,36.0,16.07,73.0,16.08,157.0,24.3,66.0,24.32,322.0,68.79,5.0,69.37,2.0
2021-09-24 09:31:11.327476-04:00,32.57,100.0,32.63,80.0,17.45,939.0,17.46,531.0,16.26,1089.0,16.27,1804.0,54.66,72.0,54.75,36.0,16.07,73.0,16.08,157.0,24.3,66.0,24.32,322.0,68.79,5.0,69.37,2.0
2021-09-24 09:31:11.327476-04:00,32.57,100.0,32.63,80.0,17.45,939.0,17.46,531.0,16.26,1089.0,16.27,1804.0,54.66,72.0,54.76,72.0,16.07,73.0,16.08,157.0,24.3,66.0,24.32,322.0,68.79,5.0,69.37,2.0
2021-09-24 09:31:11.327476-04:00,32.57,100.0,32.63,80.0,17.45,939.0,17.46,531.0,16.26,1089.0,16.27,1804.0,54.66,72.0,54.76,72.0,16.07,73.0,16.08,157.0,24.3,66.0,24.32,540.0,68.79,5.0,69.37,2.0
2021-09-24 09:31:11.327476-04:00,32.57,100.0,32.63,80.0,17.45,939.0,17.46,531.0,16.26,1089.0,16.27,1804.0,54.66,72.0,54.76,72.0,16.07,73.0,16.08,157.0,24.3,66.0,24.32,540.0,68.79,10.0,69.37,2.0
2021-09-24 09:31:11.327476-04:00,32.57,100.0,32.63,80.0,17.45,91.0,17.46,459.0,16.26,1089.0,16.27,1804.0,54.66,72.0,54.76,72.0,16.07,73.0,16.08,157.0,24.3,66.0,24.32,540.0,68.79,10.0,69.37,2.0
2021-09-24 09:31:16.505628-04:00,32.56,80.0,32.63,80.0,17.45,91.0,17.46,459.0,16.26,1089.0,16.27,1804.0,54.66,72.0,54.76,72.0,16.07,73.0,16.08,157.0,24.3,66.0,24.32,540.0,68.79,10.0,69.37,2.0
2021-09-24 09:31:16.505628-04:00,32.56,80.0,32.63,80.0,17.45,91.0,17.46,459.0,16.26,409.0,16.27,1804.0,54.66,72.0,54.76,72.0,16.07,73.0,16.08,157.0,24.3,66.0,24.32,540.0,68.79,10.0,69.37,2.0
2021-09-24 09:31:16.505628-04:00,32.56,80.0,32.63,80.0,17.45,91.0,17.46,459.0,16.26,409.0,16.27,1804.0,54.67,90.0,54.77,36.0,16.07,73.0,16.08,157.0,24.3,66.0,24.32,540.0,68.79,10.0,69.37,2.0
2021-09-24 09:31:16.505628-04:00,32.56,80.0,32.63,80.0,17.45,91.0,17.46,459.0,16.26,409.0,16.27,1804.0,54.67,90.0,54.77,36.0,16.07,73.0,16.08,157.0,24.3,11.0,24.31,135.0,68.79,10.0,69.37,2.0
2021-09-24 09:31:24.702714-04:00,32.55,40.0,32.62,100.0,17.44,1266.0,17.45,192.0,16.25,1314.0,16.26,272.0,54.67,90.0,54.77,36.0,16.07,9.0,16.08,157.0,24.3,11.0,24.31,135.0,68.8,5.0,69.37,2.0
2021-09-24 09:31:24.702714-04:00,32.55,40.0,32.62,100.0,17.44,1266.0,17.45,192.0,16.25,1314.0,16.26,272.0,54.67,90.0,54.77,36.0,16.07,9.0,16.08,157.0,24.3,11.0,24.31,135.0,68.84,5.0,69.37,2.0
2021-09-24 09:31:24.702714-04:00,32.55,40.0,32.62,100.0,17.44,1266.0,17.45,192.0,16.25,1314.0,16.26,272.0,54.67,90.0,54.77,72.0,16.07,7.0,16.08,157.0,24.3,11.0,24.31,135.0,68.84,5.0,69.37,2.0
2021-09-24 09:31:32.527794-04:00,32.56,20.0,32.62,100.0,17.44,1266.0,17.45,192.0,16.25,1314.0,16.26,272.0,54.67,90.0,54.77,72.0,16.07,7.0,16.08,157.0,24.3,11.0,24.31,135.0,68.84,5.0,69.37,2.0
2021-09-24 09:31:32.527794-04:00,32.56,20.0,32.62,100.0,17.44,1266.0,17.45,192.0,16.25,1314.0,16.26,272.0,54.67,90.0,54.77,72.0,16.07,7.0,16.08,157.0,24.3,13.0,24.31,192.0,68.84,5.0,69.37,2.0
2021-09-24 09:31:32.527794-04:00,32.56,20.0,32.62,100.0,17.44,1024.0,17.45,192.0,16.25,1314.0,16.26,272.0,54.67,90.0,54.77,72.0,16.07,7.0,16.08,157.0,24.3,13.0,24.31,192.0,68.84,5.0,69.37,2.0
2021-09-24 09:31:32.527794-04:00,32.56,20.0,32.62,100.0,17.44,1024.0,17.45,192.0,16.25,1304.0,16.26,272.0,54.67,90.0,54.77,72.0,16.07,7.0,16.08,157.0,24.3,13.0,24.31,192.0,68.84,5.0,69.37,2.0
2021-09-24 09:31:32.527794-04:00,32.56,20.0,32.62,100.0,17.44,1024.0,17.45,192.0,16.25,1304.0,16.26,272.0,54.67,90.0,54.77,72.0,16.07,7.0,16.08,157.0,24.3,13.0,24.31,192.0,68.79,5.0,69.37,2.0
2021-09-24 09:31:32.527794-04:00,32.56,20.0,32.62,100.0,17.44,1024.0,17.45,192.0,16.25,1304.0,16.26,272.0,54.67,90.0,54.77,72.0,16.07,7.0,16.08,157.0,24.3,14.0,24.31,136.0,68.79,5.0,69.37,2.0
2021-09-24 09:31:32.527794-04:00,32.56,20.0,32.62,100.0,17.44,1024.0,17.45,192.0,16.25,1304.0,16.26,272.0,54.66,54.0,54.75,36.0,16.07,7.0,16.08,157.0,24.3,14.0,24.31,136.0,68.79,5.0,69.37,2.0
2021-09-24 09:31:32.527794-04:00,32.56,20.0,32.62,100.0,17.45,65.0,17.46,534.0,16.25,1304.0,16.26,272.0,54.66,54.0,54.75,36.0,16.07,7.0,16.08,157.0,24.3,14.0,24.31,136.0,68.79,5.0,69.37,2.0
2021-09-24 09:31:51.504057-04:00,32.57,100.0,32.63,80.0,17.45,65.0,17.46,534.0,16.25,1304.0,16.26,272.0,54.66,54.0,54.75,36.0,16.07,7.0,16.08,157.0,24.3,14.0,24.31,136.0,68.79,5.0,69.37,2.0
2021-09-24 09:31:51.504057-04:00,32.57,100.0,32.63,80.0,17.45,65.0,17.46,534.0,16.26,1123.0,16.27,1725.0,54.66,54.0,54.75,36.0,16.07,7.0,16.08,157.0,24.3,14.0,24.31,136.0,68.79,5.0,69.37,2.0
2021-09-24 09:31:51.504057-04:00,32.57,100.0,32.63,80.0,17.45,65.0,17.46,534.0,16.26,1123.0,16.27,1725.0,54.66,54.0,54.75,36.0,16.06,71.0,16.08,157.0,24.3,14.0,24.31,136.0,68.79,5.0,69.37,2.0
2021-09-24 09:31:51.504057-04:00,32.57,100.0,32.63,80.0,17.45,1042.0,17.46,512.0,16.26,1123.0,16.27,1725.0,54.66,54.0,54.75,36.0,16.06,71.0,16.08,157.0,24.3,14.0,24.31,136.0,68.79,5.0,69.37,2.0
2021-09-24 09:31:51.504057-04:00,32.57,100.0,32.63,80.0,17.45,1042.0,17.46,512.0,16.26,1123.0,16.27,1725.0,54.66,54.0,54.75,36.0,16.06,71.0,16.08,157.0,24.29,55.0,24.31,119.0,68.79,5.0,69.37,2.0
2021-09-24 09:31:51.504057-04:00,32.57,100.0,32.63,80.0,17.45,1042.0,17.46,512.0,16.26,1123.0,16.27,1725.0,54.65,36.0,54.74,72.0,16.06,71.0,16.08,157.0,24.29,55.0,24.31,119.0,68.79,5.0,69.37,2.0
2021-09-24 09:31:51.504057-04:00,32.57,100.0,32.63,80.0,17.45,1042.0,17.46,512.0,16.26,1123.0,16.27,1725.0,54.65,36.0,54.74,72.0,16.06,71.0,16.08,157.0,24.29,55.0,24.31,119.0,68.84,10.0,69.37,2.0
2021-09-24 09:31:58.560194-04:00,32.58,80.0,32.64,100.0,17.45,1042.0,17.46,512.0,16.26,1123.0,16.27,1725.0,54.65,36.0,54.74,72.0,16.06,71.0,16.08,157.0,24.29,55.0,24.31,119.0,68.84,10.0,69.37,2.0
2021-09-24 09:31:58.560194-04:00,32.58,80.0,32.64,100.0,17.45,1042.0,17.46,512.0,16.26,1190.0,16.27,1580.0,54.65,36.0,54.74,72.0,16.06,71.0,16.08,157.0,24.29,55.0,24.31,119.0,68.84,10.0,69.37,2.0
2021-09-24 09:32:04.898247-04:00,32.58,40.0,32.64,100.0,17.45,1042.0,17.46,512.0,16.26,1190.0,16.27,1580.0,54.65,90.0,54.75,90.0,16.06,71.0,16.08,157.0,24.29,55.0,24.31,119.0,68.84,10.0,69.37,2.0
2021-09-24 09:32:04.898247-04:00,32.58,40.0,32.64,100.0,17.45,872.0,17.46,448.0,16.26,688.0,16.27,993.0,54.65,90.0,54.75,90.0,16.06,71.0,16.08,157.0,24.29,55.0,24.31,119.0,68.84,10.0,69.37,2.0
2021-09-24 09:32:04.898247-04:00,32.58,40.0,32.64,100.0,17.45,872.0,17.46,448.0,16.26,688.0,16.27,993.0,54.65,90.0,54.75,90.0,16.06,67.0,16.08,157.0,24.29,55.0,24.31,119.0,68.84,10.0,69.37,2.0
2021-09-24 09:32:04.898247-04:00,32.58,40.0,32.64,100.0,17.45,872.0,17.46,448.0,16.26,688.0,16.27,993.0,54.65,90.0,54.75,90.0,16.06,67.0,16.08,157.0,24.29,55.0,24.31,118.0,68.84,10.0,69.37,2.0
2021-09-24 09:32:04.898247-04:00,32.58,40.0,32.64,100.0,17.45,872.0,17.46,448.0,16.26,386.0,16.27,930.0,54.65,90.0,54.75,90.0,16.06,67.0,16.08,157.0,24.29,55.0,24.31,118.0,68.84,10.0,69.37,2.0
2021-09-24 09:32:04.898247-04:00,32.58,40.0,32.64,100.0,17.45,872.0,17.46,448.0,16.26,386.0,16.27,930.0,54.65,90.0,54.75,90.0,16.06,67.0,16.08,157.0,24.29,55.0,24.31,163.0,68.83,15.0,69.37,2.0
2021-09-24 09:32:14.581358-04:00,32.58,100.0,32.65,80.0,17.45,872.0,17.46,448.0,16.26,386.0,16.27,930.0,54.65,90.0,54.75,90.0,16.06,67.0,16.08,157.0,24.29,55.0,24.31,163.0,68.83,15.0,69.37,2.0
2021-09-24 09:32:14.581358-04:00,32.58,100.0,32.65,80.0,17.45,999.0,17.46,64.0,16.26,386.0,16.27,930.0,54.64,88.0,54.75,90.0,16.06,67.0,16.08,157.0,24.29,55.0,24.31,163.0,68.83,15.0,69.37,2.0
2021-09-24 09:32:14.581358-04:00,32.58,100.0,32.65,80.0,17.45,999.0,17.46,64.0,16.26,386.0,16.27,930.0,54.64,88.0,54.75,90.0,16.07,11.0,16.08,157.0,24.29,55.0,24.31,163.0,68.83,15.0,69.37,2.0
2021-09-24 09:32:14.581358-04:00,32.58,100.0,32.65,80.0,17.45,999.0,17.46,64.0,16.26,792.0,16.27,965.0,54.64,88.0,54.75,90.0,16.07,11.0,16.08,157.0,24.29,55.0,24.31,163.0,68.83,15.0,69.37,2.0
2021-09-24 09:32:24.594586-04:00,32.58,100.0,32.64,100.0,17.45,999.0,17.46,64.0,16.26,792.0,16.27,965.0,54.64,88.0,54.75,90.0,16.07,11.0,16.08,157.0,24.29,55.0,24.31,163.0,68.83,15.0,69.37,2.0
2021-09-24 09:32:24.594586-04:00,32.58,100.0,32.64,100.0,17.45,999.0,17.46,64.0,16.26,792.0,16.27,965.0,54.64,88.0,54.75,90.0,16.07,11.0,16.08,157.0,24.29,55.0,24.31,108.0,68.83,15.0,69.37,2.0
2021-09-24 09:32:24.594586-04:00,32.58,100.0,32.64,100.0,17.45,904.0,17.46,448.0,16.26,792.0,16.27,965.0,54.64,88.0,54.75,90.0,16.07,11.0,16.08,157.0,24.29,55.0,24.31,108.0,68.83,15.0,69.37,2.0
2021-09-24 09:32:24.594586-04:00,32.58,100.0,32.64,100.0,17.45,904.0,17.46,448.0,16.26,792.0,16.27,965.0,54.64,88.0,54.75,90.0,16.07,10.0,16.08,157.0,24.29,55.0,24.31,108.0,68.83,15.0,69.37,2.0
2021-09-24 09:32:24.594586-04:00,32.58,100.0,32.64,100.0,17.45,904.0,17.46,448.0,16.26,792.0,16.27,965.0,54.65,72.0,54.74,72.0,16.07,10.0,16.08,157.0,24.29,55.0,24.31,108.0,68.83,15.0,69.37,2.0
2021-09-24 09:32:24.594586-04:00,32.58,100.0,32.64,100.0,17.45,904.0,17.46,448.0,16.26,557.0,16.27,1781.0,54.65,72.0,54.74,72.0,16.07,10.0,16.08,157.0,24.29,55.0,24.31,108.0,68.83,15.0,69.37,2.0
2021-09-24 09:32:24.594586-04:00,32.58,100.0,32.64,100.0,17.45,904.0,17.46,448.0,16.26,557.0,16.27,1781.0,54.65,72.0,54.74,72.0,16.07,7.0,16.08,157.0,24.29,55.0,24.31,170.0,68.83,15.0,69.37,2.0
2021-09-24 09:32:37.611785-04:00,32.57,100.0,32.62,20.0,17.45,904.0,17.46,448.0,16.26,557.0,16.27,1781.0,54.65,72.0,54.74,72.0,16.07,7.0,16.08,157.0,24.29,55.0,24.31,170.0,68.83,15.0,69.37,2.0
2021-09-24 09:32:37.611785-04:00,32.57,100.0,32.62,20.0,17.44,1281.0,17.46,606.0,16.26,557.0,16.27,1781.0,54.65,72.0,54.74,72.0,16.07,7.0,16.08,157.0,24.29,55.0,24.31,170.0,68.83,15.0,69.37,2.0
2021-09-24 09:32:37.611785-04:00,32.57,100.0,32.62,20.0,17.44,1281.0,17.46,606.0,16.26,557.0,16.27,1781.0,54.67,18.0,54.75,18.0,16.07,7.0,16.08,157.0,24.29,55.0,24.31,170.0,68.83,15.0,69.37,2.0
2021-09-24 09:32:46.621696-04:00,32.57,80.0,32.63,80.0,17.44,1281.0,17.46,606.0,16.26,557.0,16.27,1781.0,54.67,18.0,54.75,18.0,16.07,7.0,16.08,157.0,24.29,55.0,24.31,170.0,68.83,15.0,69.37,2.0
2021-09-24 09:32:46.621696-04:00,32.57,80.0,32.63,80.0,17.44,1281.0,17.46,606.0,16.26,557.0,16.27,1781.0,54.66,72.0,54.76,54.0,16.07,7.0,16.08,157.0,24.29,55.0,24.31,170.0,68.83,15.0,69.37,2.0
2021-09-24 09:32:46.621696-04:00,32.57,80.0,32.63,80.0,17.44,1281.0,17.46,606.0,16.26,549.0,16.27,1655.0,54.66,72.0,54.76,54.0,16.07,7.0,16.08,157.0,24.29,55.0,24.31,170.0,68.83,15.0,69.37,2.0
2021-09-24 09:32:46.621696-04:00,32.57,80.0,32.63,80.0,17.45,110.0,17.46,534.0,16.26,549.0,16.27,1655.0,54.66,72.0,54.76,54.0,16.07,7.0,16.08,157.0,24.29,55.0,24.32,135.0,68.83,15.0,69.37,2.0
2021-09-24 09:32:46.621696-04:00,32.57,80.0,32.63,80.0,17.45,110.0,17.46,534.0,16.26,549.0,16.27,1655.0,54.66,72.0,54.76,54.0,16.07,11.0,16.08,157.0,24.29,55.0,24.32,135.0,68.83,15.0,69.37,2.0
2021-09-24 09:32:46.621696-04:00,32.57,80.0,32.63,80.0,17.44,1390.0,17.46,544.0,16.26,549.0,16.27,1655.0,54.66,72.0,54.76,54.0,16.07,11.0,16.08,157.0,24.29,55.0,24.32,135.0,68.83,15.0,69.37,2.0
2021-09-24 09:32:46.621696-04:00,32.57,80.0,32.63,80.0,17.44,1390.0,17.46,544.0,16.26,549.0,16.27,1655.0,54.66,72.0,54.76,54.0,16.07,11.0,16.08,157.0,24.29,55.0,24.31,185.0,68.83,15.0,69.37,2.0
2021-09-24 09:33:05.683731-04:00,32.56,100.0,32.62,100.0,17.44,1390.0,17.46,544.0,16.26,549.0,16.27,1655.0,54.66,72.0,54.76,54.0,16.07,11.0,16.08,157.0,24.29,55.0,24.31,185.0,68.83,15.0,69.37,2.0
2021-09-24 09:33:05.683731-04:00,32.56,100.0,32.62,100.0,17.44,1390.0,17.46,544.0,16.26,614.0,16.27,1651.0,54.67,90.0,54.76,90.0,16.07,11.0,16.08,157.0,24.29,55.0,24.31,185.0,68.83,15.0,69.37,2.0
2021-09-24 09:33:05.683731-04:00,32.56,100.0,32.62,100.0,17.44,1250.0,17.46,612.0,16.26,614.0,16.27,1651.0,54.67,90.0,54.76,90.0,16.07,11.0,16.08,157.0,24.29,55.0,24.31,185.0,68.83,15.0,69.37,2.0
2021-09-24 09:33:05.683731-04:00,32.56,100.0,32.62,100.0,17.44,1250.0,17.46,612.0,16.26,614.0,16.27,1651.0,54.67,90.0,54.76,90.0,16.06,66.0,16.08,143.0,24.29,55.0,24.31,185.0,68.83,15.0,69.37,2.0
2021-09-24 09:33:25.331861-04:00,32.57,20.0,32.62,100.0,17.44,1250.0,17.46,612.0,16.26,614.0,16.27,1651.0,54.67,90.0,54.76,90.0,16.06,66.0,16.08,143.0,24.29,55.0,24.31,185.0,68.83,15.0,69.37,2.0
2021-09-24 09:33:25.331861-04:00,32.57,20.0,32.62,100.0,17.44,1250.0,17.46,612.0,16.26,614.0,16.27,1651.0,54.67,90.0,54.76,90.0,16.06,66.0,16.08,143.0,24.29,55.0,24.31,185.0,68.83,5.0,69.37,2.0
2021-09-24 09:33:45.693629-04:00,32.58,60.0,32.64,80.0,17.44,1250.0,17.46,612.0,16.26,614.0,16.27,1651.0,54.67,90.0,54.76,90.0,16.06,66.0,16.08,143.0,24.29,55.0,24.31,185.0,68.83,5.0,69.37,2.0
2021-09-24 09:33:45.693629-04:00,32.58,60.0,32.64,80.0,17.44,1250.0,17.46,612.0,16.26,716.0,16.27,1651.0,54.67,90.0,54.76,90.0,16.06,66.0,16.08,143.0,24.3,10.0,24.31,22.0,68.83,5.0,69.37,2.0
2021-09-24 09:33:45.693629-04:00,32.58,60.0,32.64,80.0,17.44,1250.0,17.46,612.0,16.26,716.0,16.27,1651.0,54.67,90.0,54.76,90.0,16.07,61.0,16.08,143.0,24.3,10.0,24.31,22.0,68.83,5.0,69.37,2.0
2021-09-24 09:33:45.693629-04:00,32.58,60.0,32.64,80.0,17.44,1250.0,17.46,612.0,16.26,716.0,16.27,1651.0,54.65,90.0,54.74,18.0,16.07,61.0,16.08,143.0,24.3,10.0,24.31,22.0,68.83,5.0,69.37,2.0
2021-09-24 09:33:45.693629-04:00,32.58,60.0,32.64,80.0,17.45,258.0,17.46,477.0,16.26,716.0,16.27,1651.0,54.65,90.0,54.74,18.0,16.07,61.0,16.08,143.0,24.3,10.0,24.31,22.0,68.83,5.0,69.37,2.0
2021-09-24 09:33:45.693629-04:00,32.58,60.0,32.64,80.0,17.45,258.0,17.46,477.0,16.26,716.0,16.27,1651.0,54.65,90.0,54.74,18.0,16.07,52.0,16.08,143.0,24.3,10.0,24.31,18.0,68.83,5.0,69.37,2.0
2021-09-24 09:33:57.713679-04:00,32.59,20.0,32.64,80.0,17.45,258.0,17.46,477.0,16.26,716.0,16.27,1651.0,54.65,90.0,54.74,18.0,16.07,52.0,16.08,143.0,24.3,10.0,24.31,18.0,68.83,5.0,69.37,2.0
2021-09-24 09:33:57.713679-04:00,32.59,20.0,32.64,80.0,17.45,258.0,17.46,477.0,16.26,1218.0,16.27,1442.0,54.65,90.0,54.74,18.0,16.07,52.0,16.08,143.0,24.3,10.0,24.31,18.0,68.83,5.0,69.37,2.0
2021-09-24 09:33:57.713679-04:00,32.59,20.0,32.64,80.0,17.45,969.0,17.46,512.0,16.26,1218.0,16.27,1442.0,54.65,90.0,54.74,18.0,16.07,52.0,16.08,143.0,24.3,10.0,24.31,18.0,68.83,5.0,69.37,2.0
2021-09-24 09:33:57.713679-04:00,32.59,20.0,32.64,80.0,17.45,969.0,17.46,512.0,16.26,1218.0,16.27,1442.0,54.65,18.0,54.74,72.0,16.07,52.0,16.08,143.0,24.3,10.0,24.31,18.0,68.83,5.0,69.37,2.0
2021-09-24 09:34:06.729342-04:00,32.57,60.0,32.63,80.0,17.45,969.0,17.46,512.0,16.26,1218.0,16.27,1442.0,54.65,18.0,54.74,72.0,16.07,52.0,16.08,143.0,24.3,10.0,24.31,18.0,68.83,5.0,69.37,2.0
2021-09-24 09:34:06.729342-04:00,32.57,60.0,32.63,80.0,17.45,969.0,17.46,512.0,16.26,1218.0,16.27,1442.0,54.65,18.0,54.74,72.0,16.07,64.0,16.08,143.0,24.3,10.0,24.31,18.0,68.83,5.0,69.37,2.0
2021-09-24 09:34:06.729342-04:00,32.57,60.0,32.63,80.0,17.45,969.0,17.46,512.0,16.26,1218.0,16.27,1442.0,54.66,72.0,54.75,72.0,16.07,64.0,16.08,143.0,24.3,10.0,24.31,18.0,68.83,5.0,69.37,2.0
2021-09-24 09:34:06.729342-04:00,32.57,60.0,32.63,80.0,17.45,969.0,17.46,512.0,16.26,650.0,16.27,1714.0,54.66,72.0,54.75,72.0,16.07,64.0,16.08,143.0,24.3,10.0,24.31,18.0,68.83,5.0,69.37,2.0
2021-09-24 09:34:06.729342-04:00,32.57,60.0,32.63,80.0,17.45,5.0,17.46,730.0,16.26,650.0,16.27,1714.0,54.66,72.0,54.75,72.0,16.07,64.0,16.08,143.0,24.3,10.0,24.31,18.0,68.83,5.0,69.37,2.0
2021-09-24 09:34:06.729342-04:00,32.57,60.0,32.63,80.0,17.45,5.0,17.46,730.0,16.26,650.0,16.27,1714.0,54.66,72.0,54.75,72.0,16.07,64.0,16.08,143.0,24.3,13.0,24.31,137.0,68.83,5.0,69.37,2.0
2021-09-24 09:34:06.729342-04:00,32.57,60.0,32.63,80.0,17.45,5.0,17.46,730.0,16.26,136.0,16.26,136.0,54.66,72.0,54.75,72.0,16.07,64.0,16.08,143.0,24.3,13.0,24.31,137.0,68.83,5.0,69.37,2.0
2021-09-24 09:34:18.960639-04:00,32.56,60.0,32.61,20.0,17.45,5.0,17.46,730.0,16.26,136.0,16.26,136.0,54.66,72.0,54.75,72.0,16.07,64.0,16.08,143.0,24.3,13.0,24.31,137.0,68.83,5.0,69.37,2.0
2021-09-24 09:34:18.960639-04:00,32.56,60.0,32.61,20.0,17.44,430.0,17.45,329.0,16.26,136.0,16.26,136.0,54.66,72.0,54.75,72.0,16.07,64.0,16.08,143.0,24.3,13.0,24.31,137.0,68.83,5.0,69.37,2.0
2021-09-24 09:34:18.960639-04:00,32.56,60.0,32.61,20.0,17.44,430.0,17.45,329.0,16.26,136.0,16.26,136.0,54.68,72.0,54.77,18.0,16.07,11.0,16.08,143.0,24.3,13.0,24.31,137.0,68.83,5.0,69.37,2.0
2021-09-24 09:34:18.960639-04:00,32.56,60.0,32.61,20.0,17.44,430.0,17.45,329.0,16.26,136.0,16.26,136.0,54.68,72.0,54.82,18.0,16.07,11.0,16.08,143.0,24.3,13.0,24.31,137.0,68.83,5.0,69.37,2.0
2021-09-24 09:34:28.498963-04:00,32.55,20.0,32.61,20.0,17.44,430.0,17.45,329.0,16.25,776.0,16.26,373.0,54.68,72.0,54.82,18.0,16.07,11.0,16.08,143.0,24.3,13.0,24.31,137.0,68.83,5.0,69.37,2.0
2021-09-24 09:34:28.498963-04:00,32.55,20.0,32.61,20.0,17.44,468.0,17.45,324.0,16.25,776.0,16.26,373.0,54.68,72.0,54.82,18.0,16.07,11.0,16.08,143.0,24.3,13.0,24.31,137.0,68.83,5.0,69.37,2.0
2021-09-24 09:34:28.498963-04:00,32.55,20.0,32.61,20.0,17.44,468.0,17.45,324.0,16.25,776.0,16.26,373.0,54.68,72.0,54.82,18.0,16.07,11.0,16.08,143.0,24.29,50.0,24.31,150.0,68.83,5.0,69.37,2.0
2021-09-24 09:34:28.498963-04:00,32.55,20.0,32.61,20.0,17.44,259.0,17.45,462.0,16.25,776.0,16.26,919.0,54.68,72.0,54.82,18.0,16.07,11.0,16.08,143.0,24.29,50.0,24.31,150.0,68.83,5.0,69.37,2.0
2021-09-24 09:34:35.508667-04:00,32.55,61.0,32.61,100.0,17.44,259.0,17.45,462.0,16.25,776.0,16.26,919.0,54.68,72.0,54.82,18.0,16.07,11.0,16.08,143.0,24.29,50.0,24.31,150.0,68.83,5.0,69.37,2.0
2021-09-24 09:34:35.508667-04:00,32.55,61.0,32.61,100.0,17.44,259.0,17.45,462.0,16.25,776.0,16.26,919.0,54.68,72.0,54.78,19.0,16.06,78.0,16.07,24.0,24.29,50.0,24.31,150.0,68.83,5.0,69.37,2.0
2021-09-24 09:34:40.518526-04:00,32.55,60.0,32.62,80.0,17.44,259.0,17.45,462.0,16.25,776.0,16.26,919.0,54.68,72.0,54.78,19.0,16.06,78.0,16.07,24.0,24.29,50.0,24.31,170.0,68.83,5.0,69.37,2.0
2021-09-24 09:34:40.518526-04:00,32.55,60.0,32.62,80.0,17.44,259.0,17.45,462.0,16.25,776.0,16.26,919.0,54.68,72.0,54.78,19.0,16.06,78.0,16.08,152.0,24.29,50.0,24.31,170.0,68.83,5.0,69.37,2.0
2021-09-24 09:34:40.518526-04:00,32.55,60.0,32.62,80.0,17.44,259.0,17.45,462.0,16.25,776.0,16.26,919.0,54.68,72.0,54.78,19.0,16.06,78.0,16.08,152.0,24.29,50.0,24.31,170.0,68.83,10.0,69.37,2.0
2021-09-24 09:34:40.518526-04:00,32.55,60.0,32.62,80.0,17.44,259.0,17.45,462.0,16.25,776.0,16.26,919.0,54.68,36.0,54.77,37.0,16.06,78.0,16.08,152.0,24.29,50.0,24.31,170.0,68.83,10.0,69.37,2.0
2021-09-24 09:34:40.518526-04:00,32.55,60.0,32.62,80.0,17.44,259.0,17.45,462.0,16.25,1320.0,16.26,476.0,54.68,36.0,54.77,37.0,16.06,78.0,16.08,152.0,24.29,50.0,24.31,170.0,68.83,10.0,69.37,2.0
2021-09-24 09:34:40.518526-04:00,32.55,60.0,32.62,80.0,17.44,575.0,17.45,270.0,16.25,1320.0,16.26,476.0,54.68,36.0,54.77,37.0,16.06,78.0,16.08,152.0,24.29,50.0,24.31,170.0,68.83,10.0,69.37,2.0
2021-09-24 09:34:55.599755-04:00,32.55,60.0,32.61,80.0,17.44,575.0,17.45,270.0,16.25,1320.0,16.26,476.0,54.68,90.0,54.77,19.0,16.06,78.0,16.08,152.0,24.29,50.0,24.31,170.0,68.83,10.0,69.37,2.0
2021-09-24 09:34:55.599755-04:00,32.55,60.0,32.61,80.0,17.44,575.0,17.45,270.0,16.25,1320.0,16.26,476.0,54.68,90.0,54.77,19.0,16.06,78.0,16.07,23.0,24.29,50.0,24.31,170.0,68.83,10.0,69.37,2.0
2021-09-24 09:34:55.599755-04:00,32.55,60.0,32.61,80.0,17.44,365.0,17.45,270.0,16.25,1320.0,16.26,612.0,54.68,90.0,54.77,19.0,16.06,78.0,16.07,23.0,24.29,50.0,24.31,170.0,68.83,10.0,69.37,2.0
2021-09-24 09:34:55.599755-04:00,32.55,60.0,32.61,80.0,17.44,365.0,17.45,270.0,16.25,1320.0,16.26,612.0,54.68,90.0,54.77,19.0,16.06,78.0,16.07,23.0,24.29,50.0,24.31,170.0,68.83,25.0,69.37,2.0
2021-09-24 09:34:55.599755-04:00,32.55,60.0,32.61,80.0,17.44,365.0,17.45,270.0,16.25,1320.0,16.26,612.0,54.68,90.0,54.77,19.0,16.06,78.0,16.07,23.0,24.29,50.0,24.31,170.0,68.83,5.0,69.37,2.0
2021-09-24 09:34:55.599755-04:00,32.55,60.0,32.61,80.0,17.44,1196.0,17.46,540.0,16.25,1320.0,16.26,612.0,54.68,90.0,54.77,19.0,16.06,78.0,16.07,23.0,24.29,50.0,24.31,170.0,68.83,5.0,69.37,2.0
2021-09-24 09:35:02.545847-04:00,32.57,61.0,32.63,80.0,17.44,1196.0,17.46,540.0,16.25,1320.0,16.26,612.0,54.68,90.0,54.77,19.0,16.06,78.0,16.07,23.0,24.29,50.0,24.31,170.0,68.83,5.0,69.37,2.0
2021-09-24 09:35:02.545847-04:00,32.57,61.0,32.63,80.0,17.44,1196.0,17.46,540.0,16.25,1320.0,16.26,612.0,54.68,90.0,54.77,19.0,16.06,78.0,16.07,23.0,24.3,12.0,24.31,16.0,68.83,5.0,69.37,2.0
2021-09-24 09:35:02.545847-04:00,32.57,61.0,32.63,80.0,17.44,1196.0,17.46,540.0,16.25,1320.0,16.26,612.0,54.68,90.0,54.77,19.0,16.07,47.0,16.08,149.0,24.3,12.0,24.31,16.0,68.83,5.0,69.37,2.0
2021-09-24 09:35:02.545847-04:00,32.57,61.0,32.63,80.0,17.44,1196.0,17.46,540.0,16.26,601.0,16.27,1590.0,54.68,90.0,54.77,19.0,16.07,47.0,16.08,149.0,24.3,12.0,24.31,16.0,68.83,5.0,69.37,2.0
2021-09-24 09:35:02.545847-04:00,32.57,61.0,32.63,80.0,17.44,1196.0,17.46,540.0,16.26,601.0,16.27,1590.0,54.66,72.0,54.75,1.0,16.07,47.0,16.08,149.0,24.3,12.0,24.31,16.0,68.83,5.0,69.37,2.0
2021-09-24 09:35:02.545847-04:00,32.57,61.0,32.63,80.0,17.45,15.0,17.46,540.0,16.26,601.0,16.27,1590.0,54.66,72.0,54.75,1.0,16.07,47.0,16.08,149.0,24.3,12.0,24.31,16.0,68.83,5.0,69.37,2.0
2021-09-24 09:35:02.545847-04:00,32.57,61.0,32.63,80.0,17.45,15.0,17.46,540.0,16.26,728.0,16.27,1590.0,54.66,72.0,54.75,1.0,16.07,47.0,16.08,149.0,24.3,12.0,24.31,16.0,68.83,5.0,69.37,2.0
2021-09-24 09:35:02.545847-04:00,32.57,61.0,32.63,80.0,17.45,15.0,17.46,540.0,16.26,728.0,16.27,1590.0,54.66,72.0,54.75,1.0,16.07,47.0,16.08,149.0,24.3,8.0,24.31,49.0,68.83,5.0,69.37,2.0
2021-09-24 09:35:02.545847-04:00,32.57,61.0,32.63,80.0,17.45,15.0,17.46,540.0,16.26,728.0,16.27,1590.0,54.66,72.0,54.75,1.0,16.07,22.0,16.08,149.0,24.3,8.0,24.31,49.0,68.83,5.0,69.37,2.0
2021-09-24 09:35:02.545847-04:00,32.57,61.0,32.63,80.0,17.45,15.0,17.46,540.0,16.26,728.0,16.27,1590.0,54.66,72.0,54.75,1.0,16.07,22.0,16.08,149.0,24.3,8.0,24.31,16.0,68.83,5.0,69.37,2.0
2021-09-24 09:35:02.545847-04:00,32.57,61.0,32.63,80.0,17.45,15.0,17.46,540.0,16.26,728.0,16.27,1590.0,54.66,72.0,54.75,1.0,16.07,22.0,16.08,149.0,24.3,8.0,24.31,16.0,68.82,5.0,69.37,2.0
2021-09-24 09:35:02.545847-04:00,32.57,61.0,32.63,80.0,17.45,15.0,17.46,540.0,16.26,728.0,16.27,1590.0,54.66,72.0,54.75,1.0,16.07,50.0,16.08,149.0,24.3,8.0,24.31,16.0,68.82,5.0,69.37,2.0
2021-09-24 09:35:02.545847-04:00,32.57,61.0,32.63,80.0,17.45,17.0,17.46,500.0,16.26,728.0,16.27,1590.0,54.66,72.0,54.75,1.0,16.07,50.0,16.08,149.0,24.3,8.0,24.31,16.0,68.82,5.0,69.37,2.0
2021-09-24 09:35:02.545847-04:00,32.57,61.0,32.63,80.0,17.45,17.0,17.46,500.0,16.26,645.0,16.27,1526.0,54.66,72.0,54.75,1.0,16.07,50.0,16.08,149.0,24.3,8.0,24.31,16.0,68.82,5.0,69.37,2.0
2021-09-24 09:35:02.545847-04:00,32.57,61.0,32.63,80.0,17.45,17.0,17.46,500.0,16.26,645.0,16.27,1526.0,54.66,36.0,54.75,56.0,16.07,50.0,16.08,149.0,24.3,8.0,24.31,16.0,68.82,5.0,69.37,2.0
2021-09-24 09:35:02.545847-04:00,32.57,61.0,32.63,80.0,17.45,412.0,17.46,500.0,16.26,645.0,16.27,1526.0,54.66,36.0,54.75,56.0,16.07,50.0,16.08,149.0,24.3,8.0,24.31,16.0,68.82,5.0,69.37,2.0
2021-09-24 09:35:30.582572-04:00,32.58,61.0,32.64,40.0,17.45,412.0,17.46,500.0,16.26,645.0,16.27,1526.0,54.66,36.0,54.75,56.0,16.07,50.0,16.08,149.0,24.3,8.0,24.31,16.0,68.82,5.0,69.37,2.0
2021-09-24 09:35:30.582572-04:00,32.58,61.0,32.64,40.0,17.45,412.0,17.46,500.0,16.26,981.0,16.27,1526.0,54.66,36.0,54.75,56.0,16.07,50.0,16.08,149.0,24.3,8.0,24.31,16.0,68.82,5.0,69.37,2.0
2021-09-24 09:35:30.582572-04:00,32.58,61.0,32.64,40.0,17.45,412.0,17.46,500.0,16.26,981.0,16.27,1526.0,54.65,54.0,54.74,74.0,16.07,50.0,16.08,149.0,24.3,8.0,24.31,16.0,68.82,5.0,69.37,2.0
2021-09-24 09:35:42.598435-04:00,32.58,60.0,32.64,40.0,17.45,412.0,17.46,500.0,16.26,981.0,16.27,1526.0,54.65,54.0,54.74,74.0,16.07,50.0,16.08,149.0,24.3,8.0,24.31,16.0,68.82,5.0,69.37,2.0
2021-09-24 09:35:42.598435-04:00,32.58,60.0,32.64,40.0,17.45,412.0,17.46,500.0,16.26,981.0,16.27,1526.0,54.65,72.0,54.74,73.0,16.07,50.0,16.08,149.0,24.3,8.0,24.31,16.0,68.82,5.0,69.37,2.0
2021-09-24 09:35:42.598435-04:00,32.58,60.0,32.64,40.0,17.45,1220.0,17.46,344.0,16.26,981.0,16.27,1526.0,54.65,72.0,54.74,73.0,16.07,50.0,16.08,149.0,24.3,8.0,24.31,16.0,68.82,5.0,69.37,2.0
2021-09-24 09:35:42.598435-04:00,32.58,60.0,32.64,40.0,17.45,1220.0,17.46,344.0,16.26,981.0,16.27,1406.0,54.65,72.0,54.74,73.0,16.07,50.0,16.08,149.0,24.3,8.0,24.31,16.0,68.82,5.0,69.37,2.0
2021-09-24 09:35:42.598435-04:00,32.58,60.0,32.64,40.0,17.45,1220.0,17.46,344.0,16.26,981.0,16.27,1406.0,54.65,72.0,54.74,73.0,16.07,50.0,16.08,149.0,24.3,8.0,24.31,16.0,68.79,5.0,69.37,2.0
2021-09-24 09:35:42.598435-04:00,32.58,60.0,32.64,40.0,17.45,1220.0,17.46,344.0,16.26,981.0,16.27,1406.0,54.65,72.0,54.74,73.0,16.07,50.0,16.08,149.0,24.3,64.0,24.32,194.0,68.79,5.0,69.37,2.0
2021-09-24 09:35:57.615286-04:00,32.61,121.0,32.67,80.0,17.45,1220.0,17.46,344.0,16.26,981.0,16.27,1406.0,54.65,72.0,54.74,73.0,16.07,50.0,16.08,149.0,24.3,64.0,24.32,194.0,68.79,5.0,69.37,2.0
2021-09-24 09:35:57.615286-04:00,32.61,121.0,32.67,80.0,17.45,1220.0,17.46,344.0,16.26,1243.0,16.27,650.0,54.65,72.0,54.74,73.0,16.07,78.0,16.08,26.0,24.3,64.0,24.32,194.0,68.79,5.0,69.37,2.0
2021-09-24 09:35:57.615286-04:00,32.61,121.0,32.67,80.0,17.45,1220.0,17.46,344.0,16.26,1243.0,16.27,650.0,54.61,90.0,54.71,91.0,16.07,78.0,16.08,26.0,24.3,64.0,24.32,194.0,68.79,5.0,69.37,2.0
2021-09-24 09:35:57.615286-04:00,32.61,121.0,32.67,80.0,17.46,292.0,17.47,433.0,16.26,1243.0,16.27,650.0,54.61,90.0,54.71,91.0,16.07,78.0,16.08,26.0,24.3,64.0,24.32,194.0,68.79,5.0,69.37,2.0
2021-09-24 09:35:57.615286-04:00,32.61,121.0,32.67,80.0,17.46,292.0,17.47,433.0,16.26,1243.0,16.27,650.0,54.61,90.0,54.71,91.0,16.07,78.0,16.08,26.0,24.3,64.0,24.32,194.0,68.79,5.0,69.3,2.0
2021-09-24 09:36:06.585302-04:00,32.61,81.0,32.67,100.0,17.46,292.0,17.47,433.0,16.26,1243.0,16.27,650.0,54.61,90.0,54.71,91.0,16.07,78.0,16.08,26.0,24.3,64.0,24.32,194.0,68.79,5.0,69.3,2.0
2021-09-24 09:36:06.585302-04:00,32.61,81.0,32.67,100.0,17.46,292.0,17.47,433.0,16.26,1243.0,16.27,1486.0,54.62,72.0,54.71,55.0,16.07,78.0,16.08,26.0,24.3,64.0,24.32,194.0,68.79,5.0,69.3,2.0
2021-09-24 09:36:06.585302-04:00,32.61,81.0,32.67,100.0,17.46,317.0,17.47,474.0,16.26,1243.0,16.27,1486.0,54.62,72.0,54.71,55.0,16.07,78.0,16.08,26.0,24.3,64.0,24.32,194.0,68.79,5.0,69.3,2.0
2021-09-24 09:36:06.585302-04:00,32.61,81.0,32.67,100.0,17.46,317.0,17.47,474.0,16.26,1243.0,16.27,1486.0,54.62,72.0,54.71,55.0,16.07,78.0,16.08,15.0,24.3,64.0,24.32,194.0,68.79,5.0,69.3,2.0
2021-09-24 09:36:06.585302-04:00,32.61,81.0,32.67,100.0,17.46,317.0,17.47,474.0,16.26,1243.0,16.27,1486.0,54.62,72.0,54.71,37.0,16.07,78.0,16.08,15.0,24.3,64.0,24.32,194.0,68.79,5.0,69.3,2.0
2021-09-24 09:36:06.585302-04:00,32.61,81.0,32.67,100.0,17.46,317.0,17.47,474.0,16.26,1243.0,16.27,1341.0,54.62,72.0,54.71,37.0,16.07,78.0,16.08,15.0,24.3,64.0,24.32,194.0,68.79,5.0,69.3,2.0
2021-09-24 09:36:06.585302-04:00,32.61,81.0,32.67,100.0,17.46,180.0,17.47,426.0,16.26,1243.0,16.27,1341.0,54.62,72.0,54.71,37.0,16.07,78.0,16.08,15.0,24.3,64.0,24.32,194.0,68.79,5.0,69.3,2.0
2021-09-24 09:36:06.585302-04:00,32.61,81.0,32.67,100.0,17.46,180.0,17.47,426.0,16.26,1243.0,16.27,1341.0,54.62,72.0,54.71,37.0,16.07,78.0,16.08,23.0,24.3,64.0,24.32,194.0,68.79,5.0,69.3,2.0
2021-09-24 09:36:25.647727-04:00,32.61,121.0,32.67,100.0,17.46,1059.0,17.47,336.0,16.26,1243.0,16.27,1341.0,54.62,72.0,54.71,37.0,16.07,78.0,16.08,23.0,24.3,64.0,24.32,194.0,68.79,5.0,69.3,2.0
2021-09-24 09:36:25.647727-04:00,32.61,121.0,32.67,100.0,17.46,1059.0,17.47,336.0,16.26,1243.0,16.27,1341.0,54.62,18.0,54.71,91.0,16.07,78.0,16.08,23.0,24.3,64.0,24.32,194.0,68.79,5.0,69.3,2.0
2021-09-24 09:36:25.647727-04:00,32.61,121.0,32.67,100.0,17.46,1059.0,17.47,336.0,16.26,733.0,16.27,815.0,54.62,18.0,54.71,91.0,16.07,78.0,16.08,23.0,24.3,64.0,24.32,194.0,68.79,5.0,69.3,2.0
2021-09-24 09:36:25.647727-04:00,32.61,121.0,32.67,100.0,17.46,1059.0,17.47,336.0,16.26,733.0,16.27,815.0,54.62,18.0,54.71,91.0,16.07,78.0,16.08,32.0,24.3,64.0,24.32,194.0,68.79,5.0,69.3,2.0
2021-09-24 09:36:25.647727-04:00,32.61,121.0,32.67,100.0,17.46,1058.0,17.47,336.0,16.26,733.0,16.27,817.0,54.62,18.0,54.71,91.0,16.07,78.0,16.08,32.0,24.3,64.0,24.32,194.0,68.79,5.0,69.3,2.0
2021-09-24 09:36:25.647727-04:00,32.61,121.0,32.67,100.0,17.46,1058.0,17.47,336.0,16.26,733.0,16.27,817.0,54.62,18.0,54.71,91.0,16.07,78.0,16.09,170.0,24.3,64.0,24.32,194.0,68.79,5.0,69.3,2.0
2021-09-24 09:36:25.647727-04:00,32.61,121.0,32.67,100.0,17.46,1058.0,17.47,336.0,16.26,733.0,16.27,817.0,54.62,90.0,54.71,20.0,16.07,78.0,16.09,170.0,24.3,64.0,24.32,194.0,68.79,5.0,69.3,2.0
2021-09-24 09:36:25.647727-04:00,32.61,121.0,32.67,100.0,17.46,438.0,17.47,347.0,16.26,733.0,16.27,817.0,54.62,90.0,54.71,20.0,16.07,78.0,16.09,170.0,24.3,64.0,24.32,194.0,68.79,5.0,69.3,2.0
2021-09-24 09:36:25.647727-04:00,32.61,121.0,32.67,100.0,17.46,438.0,17.47,347.0,16.26,1333.0,16.27,1187.0,54.62,90.0,54.71,20.0,16.07,78.0,16.09,170.0,24.3,64.0,24.32,194.0,68.79,5.0,69.3,2.0
2021-09-24 09:36:48.676157-04:00,32.61,42.0,32.67,100.0,17.46,438.0,17.47,347.0,16.26,1333.0,16.27,1187.0,54.62,90.0,54.71,20.0,16.07,78.0,16.09,170.0,24.3,64.0,24.32,194.0,68.79,5.0,69.3,2.0
2021-09-24 09:36:48.676157-04:00,32.61,42.0,32.67,100.0,17.46,438.0,17.47,347.0,16.26,1333.0,16.27,1264.0,54.62,90.0,54.71,20.0,16.07,78.0,16.09,170.0,24.3,64.0,24.32,194.0,68.79,5.0,69.3,2.0
2021-09-24 09:36:56.686741-04:00,32.61,22.0,32.67,100.0,17.46,438.0,17.47,347.0,16.26,1333.0,16.27,1264.0,54.62,90.0,54.71,20.0,16.07,78.0,16.09,170.0,24.3,64.0,24.32,194.0,68.79,5.0,69.3,2.0
2021-09-24 09:36:56.686741-04:00,32.61,22.0,32.67,100.0,17.46,127.0,17.47,430.0,16.26,1333.0,16.27,1264.0,54.62,90.0,54.71,20.0,16.07,78.0,16.09,170.0,24.3,64.0,24.32,194.0,68.79,5.0,69.3,2.0
2021-09-24 09:36:56.686741-04:00,32.61,22.0,32.67,100.0,17.46,127.0,17.47,430.0,16.26,1333.0,16.27,1264.0,54.62,90.0,54.71,20.0,16.07,78.0,16.09,170.0,24.3,71.0,24.32,194.0,68.79,5.0,69.3,2.0
2021-09-24 09:36:56.686741-04:00,32.61,22.0,32.67,100.0,17.46,127.0,17.47,430.0,16.26,1333.0,16.27,1264.0,54.62,90.0,54.71,20.0,16.07,73.0,16.08,184.0,24.3,71.0,24.32,194.0,68.79,5.0,69.3,2.0
2021-09-24 09:36:56.686741-04:00,32.61,22.0,32.67,100.0,17.46,69.0,17.47,437.0,16.26,1333.0,16.27,1264.0,54.62,90.0,54.71,20.0,16.07,73.0,16.08,184.0,24.3,71.0,24.32,194.0,68.79,5.0,69.3,2.0
2021-09-24 09:36:56.686741-04:00,32.61,22.0,32.67,100.0,17.46,69.0,17.47,437.0,16.26,1333.0,16.27,1264.0,54.61,90.0,54.71,19.0,16.07,73.0,16.08,184.0,24.3,71.0,24.32,194.0,68.79,5.0,69.3,2.0
2021-09-24 09:37:08.701618-04:00,32.61,2.0,32.66,20.0,17.46,69.0,17.47,437.0,16.26,1204.0,16.27,1240.0,54.61,90.0,54.71,19.0,16.07,73.0,16.08,184.0,24.3,71.0,24.32,194.0,68.79,5.0,69.3,2.0
2021-09-24 09:37:13.650386-04:00,32.61,2.0,32.67,80.0,17.46,69.0,17.47,437.0,16.26,1204.0,16.27,1240.0,54.61,90.0,54.71,19.0,16.07,73.0,16.08,184.0,24.3,71.0,24.32,194.0,68.79,5.0,69.3,2.0
2021-09-24 09:37:13.650386-04:00,32.61,2.0,32.67,80.0,17.46,15.0,17.47,442.0,16.26,1204.0,16.27,1240.0,54.61,90.0,54.71,19.0,16.07,73.0,16.08,184.0,24.3,71.0,24.32,194.0,68.79,5.0,69.3,2.0
2021-09-24 09:37:13.650386-04:00,32.61,2.0,32.67,80.0,17.46,15.0,17.47,442.0,16.26,1204.0,16.27,1240.0,54.62,90.0,54.71,1.0,16.07,73.0,16.08,184.0,24.3,71.0,24.32,194.0,68.79,5.0,69.3,2.0
2021-09-24 09:37:13.650386-04:00,32.61,2.0,32.67,80.0,17.46,15.0,17.47,442.0,16.26,1204.0,16.27,1240.0,54.62,90.0,54.71,1.0,16.07,73.0,16.08,18.0,24.3,71.0,24.32,194.0,68.79,5.0,69.3,2.0
2021-09-24 09:37:13.650386-04:00,32.61,2.0,32.67,80.0,17.46,15.0,17.47,442.0,16.26,1204.0,16.27,1240.0,54.62,90.0,54.71,2.0,16.07,73.0,16.08,18.0,24.3,71.0,24.32,194.0,68.79,5.0,69.3,2.0
2021-09-24 09:37:13.650386-04:00,32.61,2.0,32.67,80.0,17.46,237.0,17.47,352.0,16.26,1204.0,16.27,1240.0,54.62,90.0,54.71,2.0,16.07,73.0,16.08,18.0,24.3,71.0,24.32,194.0,68.79,5.0,69.3,2.0
2021-09-24 09:37:13.650386-04:00,32.61,2.0,32.67,80.0,17.46,1187.0,17.47,341.0,16.26,1204.0,16.27,1240.0,54.62,90.0,54.7,1.0,16.07,73.0,16.08,18.0,24.3,71.0,24.32,194.0,68.79,5.0,69.3,2.0
2021-09-24 09:37:40.343021-04:00,32.62,1.0,32.66,20.0,17.46,1187.0,17.47,341.0,16.26,1180.0,16.27,629.0,54.62,90.0,54.7,1.0,16.07,73.0,16.08,25.0,24.3,76.0,24.32,194.0,68.79,5.0,69.3,2.0
2021-09-24 09:37:40.343021-04:00,32.62,1.0,32.66,20.0,17.46,1187.0,17.47,341.0,16.26,1180.0,16.27,629.0,54.62,90.0,54.7,1.0,16.07,73.0,16.09,182.0,24.3,76.0,24.32,194.0,68.79,5.0,69.3,2.0
2021-09-24 09:37:40.343021-04:00,32.62,1.0,32.66,20.0,17.46,1187.0,17.47,341.0,16.26,1180.0,16.27,629.0,54.63,72.0,54.72,90.0,16.07,73.0,16.09,182.0,24.3,76.0,24.32,194.0,68.79,5.0,69.3,2.0
2021-09-24 09:37:47.496894-04:00,32.61,1.0,32.66,80.0,17.46,1187.0,17.47,341.0,16.26,1180.0,16.27,629.0,54.63,72.0,54.72,90.0,16.07,73.0,16.09,182.0,24.3,76.0,24.32,194.0,68.79,5.0,69.3,2.0
2021-09-24 09:37:47.496894-04:00,32.61,1.0,32.66,80.0,17.46,1187.0,17.47,341.0,16.26,1332.0,16.27,1196.0,54.63,72.0,54.72,90.0,16.07,73.0,16.09,182.0,24.3,76.0,24.32,194.0,68.79,5.0,69.3,2.0
2021-09-24 09:37:47.496894-04:00,32.61,1.0,32.66,80.0,17.46,11.0,17.47,496.0,16.26,1332.0,16.27,1196.0,54.63,72.0,54.72,90.0,16.07,73.0,16.09,182.0,24.3,76.0,24.32,194.0,68.79,5.0,69.3,2.0
2021-09-24 09:37:47.496894-04:00,32.61,1.0,32.66,80.0,17.46,11.0,17.47,496.0,16.26,1332.0,16.27,1196.0,54.62,18.0,54.71,38.0,16.07,73.0,16.09,182.0,24.3,76.0,24.32,194.0,68.77,5.0,69.22,2.0
2021-09-24 09:37:47.496894-04:00,32.61,1.0,32.66,80.0,17.46,665.0,17.47,224.0,16.26,1332.0,16.27,1196.0,54.62,18.0,54.71,38.0,16.07,73.0,16.09,182.0,24.3,76.0,24.32,194.0,68.77,5.0,69.22,2.0
2021-09-24 09:37:47.496894-04:00,32.61,1.0,32.66,80.0,17.46,665.0,17.47,224.0,16.26,1332.0,16.27,1196.0,54.62,18.0,54.71,38.0,16.07,73.0,16.09,166.0,24.3,76.0,24.32,194.0,68.77,5.0,69.22,2.0
2021-09-24 09:37:58.510449-04:00,32.61,62.0,32.67,80.0,17.46,665.0,17.47,224.0,16.26,1212.0,16.27,533.0,54.62,18.0,54.71,38.0,16.07,73.0,16.09,166.0,24.3,76.0,24.32,194.0,68.77,5.0,69.22,2.0
2021-09-24 09:37:58.510449-04:00,32.61,62.0,32.67,80.0,17.46,665.0,17.47,224.0,16.26,1212.0,16.27,533.0,54.62,90.0,54.71,2.0,16.07,73.0,16.09,179.0,24.3,76.0,24.32,194.0,68.77,5.0,69.22,2.0
2021-09-24 09:37:58.510449-04:00,32.61,62.0,32.67,80.0,17.46,665.0,17.47,224.0,16.26,1212.0,16.27,533.0,54.62,90.0,54.71,2.0,16.07,73.0,16.09,179.0,24.3,76.0,24.32,194.0,68.77,5.0,69.22,26.0
2021-09-24 09:37:58.510449-04:00,32.61,62.0,32.67,80.0,17.46,821.0,17.47,291.0,16.26,1212.0,16.27,533.0,54.62,90.0,54.71,2.0,16.07,73.0,16.09,179.0,24.3,76.0,24.32,194.0,68.77,5.0,69.22,26.0
2021-09-24 09:38:08.521687-04:00,32.61,42.0,32.66,80.0,17.46,821.0,17.47,291.0,16.26,1212.0,16.27,871.0,54.62,90.0,54.71,2.0,16.07,73.0,16.09,179.0,24.3,76.0,24.32,194.0,68.77,5.0,69.22,26.0
2021-09-24 09:38:08.521687-04:00,32.61,42.0,32.66,80.0,17.46,821.0,17.47,291.0,16.26,1212.0,16.27,871.0,54.62,90.0,54.71,56.0,16.07,73.0,16.09,179.0,24.3,76.0,24.32,194.0,68.77,5.0,69.22,26.0
2021-09-24 09:38:08.521687-04:00,32.61,42.0,32.66,80.0,17.46,821.0,17.47,291.0,16.26,1212.0,16.27,871.0,54.62,90.0,54.71,56.0,16.07,73.0,16.09,179.0,24.3,76.0,24.32,194.0,68.77,5.0,69.22,24.0
2021-09-24 09:38:08.521687-04:00,32.61,42.0,32.66,80.0,17.46,821.0,17.47,291.0,16.26,1212.0,16.27,871.0,54.62,90.0,54.71,56.0,16.07,73.0,16.09,177.0,24.3,76.0,24.32,194.0,68.77,5.0,69.22,24.0
2021-09-24 09:38:11.524658-04:00,32.61,82.0,32.66,80.0,17.46,821.0,17.47,291.0,16.26,1212.0,16.27,871.0,54.62,90.0,54.71,56.0,16.07,73.0,16.09,177.0,24.3,76.0,24.32,194.0,68.77,5.0,69.22,24.0
2021-09-24 09:38:11.524658-04:00,32.61,82.0,32.66,80.0,17.46,470.0,17.47,297.0,16.26,1212.0,16.27,871.0,54.62,90.0,54.71,56.0,16.07,73.0,16.09,177.0,24.3,76.0,24.32,194.0,68.77,5.0,69.22,24.0
2021-09-24 09:38:11.524658-04:00,32.61,82.0,32.66,80.0,17.46,470.0,17.47,297.0,16.26,1212.0,16.27,1163.0,54.62,90.0,54.71,56.0,16.07,73.0,16.09,177.0,24.3,76.0,24.32,194.0,68.77,5.0,69.22,24.0
2021-09-24 09:38:11.524658-04:00,32.61,82.0,32.66,80.0,17.46,470.0,17.47,297.0,16.26,1212.0,16.27,1163.0,54.62,90.0,54.71,56.0,16.07,73.0,16.09,177.0,24.3,76.0,24.32,194.0,68.77,20.0,69.22,24.0
2021-09-24 09:38:11.524658-04:00,32.61,82.0,32.66,80.0,17.46,470.0,17.47,297.0,16.26,1212.0,16.27,1163.0,54.62,90.0,54.71,2.0,16.07,73.0,16.09,177.0,24.3,76.0,24.32,194.0,68.77,20.0,69.22,24.0
2021-09-24 09:38:26.543535-04:00,32.61,2.0,32.66,80.0,17.46,470.0,17.47,297.0,16.26,1212.0,16.27,1163.0,54.62,90.0,54.71,2.0,16.07,73.0,16.08,23.0,24.3,76.0,24.32,194.0,68.77,20.0,69.22,24.0
2021-09-24 09:38:26.543535-04:00,32.61,2.0,32.66,80.0,17.46,1208.0,17.47,280.0,16.26,1212.0,16.27,1163.0,54.62,90.0,54.71,2.0,16.07,73.0,16.08,23.0,24.3,76.0,24.32,194.0,68.77,20.0,69.22,24.0
2021-09-24 09:38:26.543535-04:00,32.61,2.0,32.66,80.0,17.46,1208.0,17.47,280.0,16.26,1332.0,16.27,867.0,54.62,90.0,54.71,2.0,16.07,73.0,16.08,23.0,24.3,76.0,24.32,194.0,68.77,20.0,69.22,24.0
2021-09-24 09:38:26.543535-04:00,32.61,2.0,32.66,80.0,17.46,1208.0,17.47,280.0,16.26,1332.0,16.27,867.0,54.62,90.0,54.71,38.0,16.07,73.0,16.08,23.0,24.3,76.0,24.32,194.0,68.77,20.0,69.22,24.0
2021-09-24 09:38:36.553740-04:00,32.61,42.0,32.66,80.0,17.46,1208.0,17.47,280.0,16.26,1332.0,16.27,867.0,54.62,90.0,54.71,38.0,16.07,73.0,16.08,23.0,24.3,76.0,24.32,194.0,68.77,20.0,69.22,24.0
2021-09-24 09:38:36.553740-04:00,32.61,42.0,32.66,80.0,17.46,1208.0,17.47,280.0,16.26,1212.0,16.27,1327.0,54.62,90.0,54.71,38.0,16.07,73.0,16.08,23.0,24.3,76.0,24.32,194.0,68.77,20.0,69.22,24.0
2021-09-24 09:38:36.553740-04:00,32.61,42.0,32.66,80.0,17.46,1208.0,17.47,280.0,16.26,1212.0,16.27,1327.0,54.62,90.0,54.71,38.0,16.07,73.0,16.08,23.0,24.3,76.0,24.32,194.0,68.77,20.0,69.22,2.0
2021-09-24 09:38:36.553740-04:00,32.61,42.0,32.66,80.0,17.46,295.0,17.47,362.0,16.26,1212.0,16.27,1327.0,54.62,90.0,54.71,38.0,16.07,73.0,16.08,23.0,24.3,76.0,24.32,194.0,68.77,20.0,69.22,2.0
2021-09-24 09:38:36.553740-04:00,32.61,42.0,32.66,80.0,17.46,295.0,17.47,362.0,16.26,1212.0,16.27,1327.0,54.62,90.0,54.71,38.0,16.07,73.0,16.09,171.0,24.3,76.0,24.32,194.0,68.77,20.0,69.22,2.0
2021-09-24 09:38:36.553740-04:00,32.61,42.0,32.66,80.0,17.46,295.0,17.47,362.0,16.26,1212.0,16.27,1327.0,54.62,90.0,54.71,38.0,16.07,73.0,16.09,172.0,24.3,76.0,24.32,194.0,68.78,15.0,69.22,2.0
2021-09-24 09:38:36.553740-04:00,32.61,42.0,32.66,80.0,17.46,295.0,17.47,362.0,16.26,1207.0,16.27,662.0,54.62,90.0,54.71,38.0,16.07,73.0,16.09,172.0,24.3,76.0,24.32,194.0,68.78,15.0,69.22,2.0
2021-09-24 09:38:36.553740-04:00,32.61,42.0,32.66,80.0,17.46,1188.0,17.47,336.0,16.26,1207.0,16.27,662.0,54.62,90.0,54.71,38.0,16.07,73.0,16.09,172.0,24.3,76.0,24.32,194.0,68.78,15.0,69.22,2.0
2021-09-24 09:38:36.553740-04:00,32.61,42.0,32.66,80.0,17.46,1188.0,17.47,336.0,16.26,1207.0,16.27,662.0,54.62,72.0,54.71,36.0,16.07,73.0,16.09,172.0,24.3,76.0,24.32,194.0,68.78,15.0,69.22,2.0
2021-09-24 09:38:47.600207-04:00,32.62,1.0,32.67,80.0,17.46,1188.0,17.47,336.0,16.26,1207.0,16.27,662.0,54.62,72.0,54.71,36.0,16.07,73.0,16.09,172.0,24.3,76.0,24.32,194.0,68.78,15.0,69.22,2.0
2021-09-24 09:38:47.600207-04:00,32.62,1.0,32.67,80.0,17.46,1188.0,17.47,336.0,16.26,1207.0,16.27,662.0,54.61,72.0,54.7,2.0,16.07,73.0,16.09,172.0,24.3,76.0,24.32,194.0,68.78,15.0,69.22,2.0
2021-09-24 09:38:47.600207-04:00,32.62,1.0,32.67,80.0,17.46,1188.0,17.47,336.0,16.26,1207.0,16.27,662.0,54.61,72.0,54.7,2.0,16.08,18.0,16.09,172.0,24.3,76.0,24.32,194.0,68.78,15.0,69.22,2.0
2021-09-24 09:39:01.044263-04:00,32.62,2.0,32.68,100.0,17.46,1140.0,17.47,56.0,16.26,1207.0,16.27,662.0,54.61,72.0,54.7,2.0,16.08,18.0,16.09,172.0,24.3,76.0,24.32,194.0,68.78,15.0,69.22,2.0
2021-09-24 09:39:01.044263-04:00,32.62,2.0,32.68,100.0,17.46,1140.0,17.47,56.0,16.26,1189.0,16.27,480.0,54.61,72.0,54.7,2.0,16.08,18.0,16.09,172.0,24.3,76.0,24.32,194.0,68.78,15.0,69.22,2.0
2021-09-24 09:39:01.044263-04:00,32.62,2.0,32.68,100.0,17.46,1140.0,17.47,56.0,16.26,1189.0,16.27,480.0,54.58,90.0,54.67,19.0,16.08,18.0,16.09,172.0,24.3,76.0,24.32,194.0,68.78,15.0,69.22,2.0
2021-09-24 09:39:01.044263-04:00,32.62,2.0,32.68,100.0,17.46,1140.0,17.47,56.0,16.26,1189.0,16.27,480.0,54.58,90.0,54.67,19.0,16.08,18.0,16.09,172.0,24.3,76.0,24.32,194.0,68.78,15.0,69.22,26.0
2021-09-24 09:39:01.044263-04:00,32.62,2.0,32.68,100.0,17.46,1140.0,17.47,56.0,16.26,1189.0,16.27,480.0,54.58,90.0,54.67,19.0,16.08,18.0,16.09,172.0,24.31,43.0,24.32,35.0,68.78,15.0,69.22,26.0
2021-09-24 09:39:01.044263-04:00,32.62,2.0,32.68,100.0,17.47,1171.0,17.48,112.0,16.26,1189.0,16.27,480.0,54.58,90.0,54.67,19.0,16.08,18.0,16.09,172.0,24.31,43.0,24.32,35.0,68.78,15.0,69.22,26.0
2021-09-24 09:39:01.044263-04:00,32.62,2.0,32.68,100.0,17.47,1171.0,17.48,112.0,16.26,1189.0,16.27,480.0,54.58,90.0,54.67,19.0,16.08,69.0,16.09,149.0,24.31,43.0,24.32,35.0,68.78,15.0,69.22,26.0
2021-09-24 09:39:08.590101-04:00,32.65,1.0,32.7,20.0,17.47,1171.0,17.48,112.0,16.26,1189.0,16.27,480.0,54.58,90.0,54.67,19.0,16.08,69.0,16.09,149.0,24.31,43.0,24.32,35.0,68.78,15.0,69.22,26.0
2021-09-24 09:39:08.590101-04:00,32.65,1.0,32.7,20.0,17.47,1171.0,17.48,112.0,16.27,613.0,16.28,1423.0,54.58,90.0,54.67,19.0,16.08,69.0,16.09,149.0,24.31,43.0,24.32,35.0,68.78,15.0,69.22,26.0
2021-09-24 09:39:08.590101-04:00,32.65,1.0,32.7,20.0,17.47,1171.0,17.48,112.0,16.27,613.0,16.28,1423.0,54.58,90.0,54.67,19.0,16.08,69.0,16.09,149.0,24.31,43.0,24.32,35.0,68.78,15.0,69.2,2.0
2021-09-24 09:39:14.594035-04:00,32.66,41.0,32.71,100.0,17.47,1171.0,17.48,112.0,16.27,613.0,16.28,1423.0,54.58,90.0,54.67,19.0,16.08,69.0,16.09,149.0,24.31,43.0,24.32,35.0,68.78,15.0,69.2,2.0
2021-09-24 09:39:14.594035-04:00,32.66,41.0,32.71,100.0,17.47,1171.0,17.48,112.0,16.27,613.0,16.28,1423.0,54.58,90.0,54.67,19.0,16.08,69.0,16.09,149.0,24.31,8.0,24.32,23.0,68.78,15.0,69.2,2.0
2021-09-24 09:39:14.594035-04:00,32.66,41.0,32.71,100.0,17.48,107.0,17.49,401.0,16.27,613.0,16.28,1423.0,54.58,90.0,54.67,19.0,16.08,69.0,16.09,149.0,24.31,8.0,24.32,23.0,68.78,15.0,69.2,2.0
2021-09-24 09:39:14.594035-04:00,32.66,41.0,32.71,100.0,17.48,107.0,17.49,401.0,16.27,613.0,16.28,1423.0,54.58,90.0,54.67,19.0,16.08,51.0,16.11,2.0,24.31,8.0,24.32,23.0,68.78,15.0,69.2,2.0
2021-09-24 09:39:14.594035-04:00,32.66,41.0,32.71,100.0,17.48,107.0,17.49,401.0,16.27,1093.0,16.28,1047.0,54.58,90.0,54.67,19.0,16.08,51.0,16.11,2.0,24.31,8.0,24.32,23.0,68.78,15.0,69.2,2.0
2021-09-24 09:39:14.594035-04:00,32.66,41.0,32.71,100.0,17.48,107.0,17.49,401.0,16.27,1093.0,16.28,1047.0,54.57,36.0,54.66,91.0,16.08,51.0,16.11,2.0,24.31,8.0,24.32,23.0,68.78,15.0,69.2,2.0
2021-09-24 09:39:14.594035-04:00,32.66,41.0,32.71,100.0,17.48,107.0,17.49,401.0,16.27,1093.0,16.28,1047.0,54.57,36.0,54.66,91.0,16.08,51.0,16.11,2.0,24.31,8.0,24.32,23.0,68.77,15.0,69.2,2.0
2021-09-24 09:39:21.603296-04:00,32.66,42.0,32.71,20.0,17.48,107.0,17.49,401.0,16.27,1093.0,16.28,1047.0,54.57,36.0,54.66,91.0,16.08,51.0,16.11,2.0,24.31,8.0,24.32,23.0,68.77,15.0,69.2,2.0
2021-09-24 09:39:21.603296-04:00,32.66,42.0,32.71,20.0,17.48,107.0,17.49,401.0,16.27,1093.0,16.28,1030.0,54.57,36.0,54.66,91.0,16.08,51.0,16.11,2.0,24.31,8.0,24.32,23.0,68.77,15.0,69.2,2.0
2021-09-24 09:39:21.603296-04:00,32.66,42.0,32.71,20.0,17.48,120.0,17.49,353.0,16.27,1093.0,16.28,1030.0,54.57,36.0,54.66,91.0,16.08,51.0,16.11,2.0,24.31,8.0,24.32,23.0,68.77,15.0,69.2,2.0
2021-09-24 09:39:21.603296-04:00,32.66,42.0,32.71,20.0,17.48,120.0,17.49,353.0,16.27,1093.0,16.28,1030.0,54.56,90.0,54.66,91.0,16.08,51.0,16.11,2.0,24.31,8.0,24.32,23.0,68.77,15.0,69.2,2.0
2021-09-24 09:39:21.603296-04:00,32.66,42.0,32.71,20.0,17.48,120.0,17.49,353.0,16.27,1093.0,16.28,1030.0,54.56,90.0,54.66,91.0,16.08,51.0,16.11,2.0,24.31,53.0,24.32,23.0,68.77,15.0,69.2,2.0
2021-09-24 09:39:21.603296-04:00,32.66,42.0,32.71,20.0,17.48,120.0,17.49,353.0,16.27,1093.0,16.28,1030.0,54.56,90.0,54.66,91.0,16.08,73.0,16.09,176.0,24.31,53.0,24.32,23.0,68.77,15.0,69.2,2.0
2021-09-24 09:39:21.603296-04:00,32.66,42.0,32.71,20.0,17.48,120.0,17.49,353.0,16.27,1093.0,16.28,1030.0,54.56,90.0,54.66,91.0,16.08,73.0,16.09,176.0,24.31,8.0,24.32,23.0,68.77,15.0,69.2,2.0
2021-09-24 09:39:21.603296-04:00,32.66,42.0,32.71,20.0,17.48,120.0,17.49,353.0,16.27,1093.0,16.28,1030.0,54.56,90.0,54.66,91.0,16.08,73.0,16.09,176.0,24.31,8.0,24.32,23.0,68.78,10.0,69.2,2.0
2021-09-24 09:39:21.603296-04:00,32.66,42.0,32.71,20.0,17.48,120.0,17.49,353.0,16.27,1093.0,16.28,1009.0,54.56,90.0,54.66,91.0,16.08,73.0,16.09,176.0,24.31,8.0,24.32,23.0,68.78,10.0,69.2,2.0
2021-09-24 09:39:34.657390-04:00,32.66,42.0,32.72,100.0,17.48,120.0,17.49,353.0,16.27,1093.0,16.28,1009.0,54.56,90.0,54.66,91.0,16.08,73.0,16.09,176.0,24.31,8.0,24.32,23.0,68.78,10.0,69.2,2.0
2021-09-24 09:39:34.657390-04:00,32.66,42.0,32.72,100.0,17.48,92.0,17.49,422.0,16.27,1093.0,16.28,1009.0,54.56,90.0,54.66,91.0,16.08,73.0,16.09,176.0,24.31,8.0,24.32,23.0,68.78,10.0,69.2,2.0
2021-09-24 09:39:34.657390-04:00,32.66,42.0,32.72,100.0,17.48,92.0,17.49,422.0,16.27,1093.0,16.28,1009.0,54.53,90.0,54.63,56.0,16.08,73.0,16.09,176.0,24.31,8.0,24.32,23.0,68.78,10.0,69.2,2.0
2021-09-24 09:39:34.657390-04:00,32.66,42.0,32.72,100.0,17.48,92.0,17.49,422.0,16.27,1093.0,16.28,1009.0,54.53,90.0,54.63,56.0,16.08,73.0,16.09,176.0,24.31,7.0,24.32,27.0,68.78,10.0,69.2,2.0
2021-09-24 09:39:34.657390-04:00,32.66,42.0,32.72,100.0,17.48,1368.0,17.5,238.0,16.27,1093.0,16.28,1009.0,54.53,90.0,54.63,56.0,16.08,73.0,16.09,176.0,24.31,7.0,24.32,27.0,68.78,10.0,69.2,2.0
2021-09-24 09:39:34.657390-04:00,32.66,42.0,32.72,100.0,17.48,1368.0,17.5,238.0,16.27,1093.0,16.28,1009.0,54.53,90.0,54.63,56.0,16.08,73.0,16.09,176.0,24.31,7.0,24.32,27.0,68.67,5.0,69.2,26.0
2021-09-24 09:39:48.635021-04:00,32.68,62.0,32.74,40.0,17.48,1368.0,17.5,238.0,16.27,1093.0,16.28,1009.0,54.53,90.0,54.63,56.0,16.08,73.0,16.09,176.0,24.31,7.0,24.32,27.0,68.67,5.0,69.2,26.0
2021-09-24 09:39:48.635021-04:00,32.68,62.0,32.74,40.0,17.48,1368.0,17.5,238.0,16.27,1093.0,16.28,1009.0,54.53,90.0,54.63,56.0,16.08,81.0,16.09,175.0,24.31,7.0,24.32,27.0,68.67,5.0,69.2,26.0
2021-09-24 09:39:48.635021-04:00,32.68,62.0,32.74,40.0,17.48,1368.0,17.5,238.0,16.28,600.0,16.29,998.0,54.53,90.0,54.63,56.0,16.08,81.0,16.09,175.0,24.31,7.0,24.32,27.0,68.67,5.0,69.2,26.0
2021-09-24 09:39:54.621016-04:00,32.7,22.0,32.75,80.0,17.48,1368.0,17.5,238.0,16.28,1341.0,16.29,1641.0,54.52,72.0,54.61,37.0,16.08,81.0,16.09,175.0,24.31,23.0,24.32,16.0,68.73,5.0,69.2,26.0
2021-09-24 09:39:54.621016-04:00,32.7,22.0,32.75,80.0,17.49,463.0,17.5,459.0,16.28,1341.0,16.29,1641.0,54.52,72.0,54.61,37.0,16.08,81.0,16.09,175.0,24.31,23.0,24.32,16.0,68.73,5.0,69.2,26.0
2021-09-24 09:39:54.621016-04:00,32.7,22.0,32.75,80.0,17.49,463.0,17.5,459.0,16.28,1341.0,16.29,1641.0,54.52,72.0,54.61,37.0,16.08,74.0,16.09,180.0,24.31,23.0,24.32,16.0,68.73,5.0,69.2,26.0
2021-09-24 09:39:54.621016-04:00,32.7,22.0,32.75,80.0,17.49,463.0,17.5,459.0,16.28,1341.0,16.29,1641.0,54.52,72.0,54.61,37.0,16.08,74.0,16.09,180.0,24.31,12.0,24.32,16.0,68.73,5.0,69.2,26.0
2021-09-24 09:39:54.621016-04:00,32.7,22.0,32.75,80.0,17.49,463.0,17.5,459.0,16.28,1341.0,16.29,1641.0,54.52,72.0,54.61,37.0,16.08,70.0,16.09,180.0,24.31,12.0,24.32,16.0,68.75,5.0,69.2,26.0
2021-09-24 09:39:54.621016-04:00,32.7,22.0,32.75,80.0,17.48,1044.0,17.5,483.0,16.28,1341.0,16.29,1641.0,54.52,72.0,54.61,37.0,16.08,70.0,16.09,180.0,24.31,12.0,24.32,16.0,68.75,5.0,69.2,26.0
2021-09-24 09:39:54.621016-04:00,32.7,22.0,32.75,80.0,17.48,1044.0,17.5,483.0,16.28,1341.0,16.29,1641.0,54.54,90.0,54.62,92.0,16.08,70.0,16.09,180.0,24.31,12.0,24.32,16.0,68.75,5.0,69.2,26.0
2021-09-24 09:40:08.657486-04:00,32.69,121.0,32.73,20.0,17.48,1044.0,17.5,483.0,16.28,684.0,16.29,1641.0,54.54,90.0,54.62,92.0,16.08,70.0,16.09,180.0,24.31,12.0,24.32,16.0,68.75,5.0,69.2,26.0
2021-09-24 09:40:08.657486-04:00,32.69,121.0,32.73,20.0,17.48,1044.0,17.5,483.0,16.28,684.0,16.29,1641.0,54.54,90.0,54.62,92.0,16.08,70.0,16.09,180.0,24.31,11.0,24.32,21.0,68.75,5.0,69.2,26.0
2021-09-24 09:40:08.657486-04:00,32.69,121.0,32.73,20.0,17.48,1044.0,17.5,483.0,16.28,684.0,16.29,1641.0,54.54,90.0,54.62,92.0,16.08,82.0,16.09,166.0,24.31,11.0,24.32,21.0,68.76,5.0,69.2,26.0
2021-09-24 09:40:08.657486-04:00,32.69,121.0,32.73,20.0,17.49,978.0,17.5,478.0,16.28,684.0,16.29,1641.0,54.53,54.0,54.6,1.0,16.08,82.0,16.09,166.0,24.31,11.0,24.32,21.0,68.76,5.0,69.2,26.0
2021-09-24 09:40:21.348556-04:00,32.71,3.0,32.74,120.0,17.49,978.0,17.5,478.0,16.28,684.0,16.29,1641.0,54.53,54.0,54.6,1.0,16.08,82.0,16.09,166.0,24.31,11.0,24.32,21.0,68.76,5.0,69.2,26.0
2021-09-24 09:40:21.348556-04:00,32.71,3.0,32.74,120.0,17.49,978.0,17.5,478.0,16.28,1202.0,16.29,1775.0,54.53,54.0,54.6,1.0,16.08,82.0,16.09,166.0,24.31,11.0,24.32,21.0,68.76,5.0,69.2,26.0
2021-09-24 09:40:21.348556-04:00,32.71,3.0,32.74,120.0,17.49,978.0,17.5,478.0,16.28,1202.0,16.29,1775.0,54.48,36.0,54.58,91.0,16.08,82.0,16.09,166.0,24.31,62.0,24.33,210.0,68.76,5.0,69.2,26.0
2021-09-24 09:40:21.348556-04:00,32.71,3.0,32.74,120.0,17.49,978.0,17.5,478.0,16.28,1202.0,16.29,1775.0,54.48,36.0,54.58,91.0,16.08,76.0,16.09,19.0,24.31,62.0,24.33,210.0,68.76,5.0,69.2,26.0
2021-09-24 09:40:21.348556-04:00,32.71,3.0,32.74,120.0,17.49,978.0,17.5,478.0,16.28,1442.0,16.29,930.0,54.48,36.0,54.58,91.0,16.08,76.0,16.09,19.0,24.31,62.0,24.33,210.0,68.76,5.0,69.2,26.0
2021-09-24 09:40:21.348556-04:00,32.71,3.0,32.74,120.0,17.49,978.0,17.5,478.0,16.28,1442.0,16.29,930.0,54.48,36.0,54.58,91.0,16.08,76.0,16.09,19.0,24.31,62.0,24.33,210.0,68.75,5.0,69.18,2.0
2021-09-24 09:40:21.348556-04:00,32.71,3.0,32.74,120.0,17.5,126.0,17.51,69.0,16.28,1442.0,16.29,930.0,54.48,36.0,54.58,91.0,16.08,76.0,16.09,19.0,24.31,62.0,24.33,210.0,68.75,5.0,69.18,2.0
2021-09-24 09:40:28.680952-04:00,32.73,22.0,32.84,90.0,17.5,126.0,17.51,69.0,16.28,1442.0,16.29,930.0,54.48,36.0,54.58,91.0,16.08,76.0,16.09,19.0,24.31,62.0,24.33,210.0,68.75,5.0,69.18,2.0
2021-09-24 09:40:28.680952-04:00,32.73,22.0,32.84,90.0,17.5,126.0,17.51,69.0,16.28,1442.0,16.29,930.0,54.48,36.0,54.58,91.0,16.08,76.0,16.09,19.0,24.31,83.0,24.33,210.0,68.75,5.0,69.18,2.0
2021-09-24 09:40:28.680952-04:00,32.73,22.0,32.84,90.0,17.5,126.0,17.51,69.0,16.28,1442.0,16.29,930.0,54.48,36.0,54.58,91.0,16.09,6.0,16.1,199.0,24.31,83.0,24.33,210.0,68.75,5.0,69.18,2.0
2021-09-24 09:40:28.680952-04:00,32.73,22.0,32.84,90.0,17.5,126.0,17.51,69.0,16.28,1442.0,16.29,930.0,54.48,90.0,54.56,91.0,16.09,6.0,16.1,199.0,24.31,83.0,24.33,210.0,68.75,5.0,69.18,2.0
2021-09-24 09:40:36.690537-04:00,32.75,1.0,32.79,60.0,17.5,126.0,17.51,69.0,16.28,1442.0,16.29,930.0,54.48,90.0,54.56,91.0,16.09,6.0,16.1,199.0,24.31,83.0,24.33,210.0,68.75,5.0,69.18,2.0
2021-09-24 09:40:36.690537-04:00,32.75,1.0,32.79,60.0,17.5,1241.0,17.52,123.0,16.29,76.0,16.3,1016.0,54.48,90.0,54.56,91.0,16.09,6.0,16.1,199.0,24.31,83.0,24.33,210.0,68.75,5.0,69.18,2.0
2021-09-24 09:40:36.690537-04:00,32.75,1.0,32.79,60.0,17.5,1092.0,17.51,62.0,16.29,76.0,16.3,1016.0,54.48,90.0,54.56,91.0,16.09,6.0,16.1,199.0,24.31,83.0,24.33,210.0,68.75,5.0,69.18,2.0
2021-09-24 09:40:36.690537-04:00,32.75,1.0,32.79,60.0,17.5,1092.0,17.51,62.0,16.29,76.0,16.3,1016.0,54.49,18.0,54.56,38.0,16.09,11.0,16.1,199.0,24.31,83.0,24.33,210.0,68.75,5.0,69.18,2.0
2021-09-24 09:40:48.706447-04:00,32.74,122.0,32.78,100.0,17.5,1092.0,17.51,62.0,16.29,76.0,16.3,1016.0,54.49,18.0,54.56,38.0,16.09,11.0,16.1,199.0,24.31,83.0,24.33,210.0,68.75,5.0,69.18,2.0
2021-09-24 09:40:48.706447-04:00,32.74,122.0,32.78,100.0,17.5,1092.0,17.51,62.0,16.28,1484.0,16.29,703.0,54.49,18.0,54.56,38.0,16.09,11.0,16.1,199.0,24.31,83.0,24.33,210.0,68.75,5.0,69.18,2.0
2021-09-24 09:40:56.754929-04:00,32.75,21.0,32.79,60.0,17.5,1092.0,17.51,62.0,16.28,1484.0,16.29,703.0,54.48,36.0,54.56,90.0,16.09,11.0,16.1,199.0,24.31,83.0,24.33,210.0,68.75,5.0,69.18,2.0
2021-09-24 09:40:56.754929-04:00,32.75,21.0,32.79,60.0,17.5,721.0,17.52,399.0,16.28,1484.0,16.29,703.0,54.48,36.0,54.56,90.0,16.09,14.0,16.1,199.0,24.31,88.0,24.33,210.0,68.75,5.0,69.18,2.0
2021-09-24 09:40:56.754929-04:00,32.75,21.0,32.79,60.0,17.5,721.0,17.52,399.0,16.29,75.0,16.3,1939.0,54.48,36.0,54.56,90.0,16.09,14.0,16.1,199.0,24.31,88.0,24.33,210.0,68.75,5.0,69.18,2.0
2021-09-24 09:40:56.754929-04:00,32.75,21.0,32.79,60.0,17.5,721.0,17.52,399.0,16.29,75.0,16.3,1939.0,54.48,36.0,54.56,90.0,16.09,14.0,16.1,199.0,24.31,83.0,24.33,210.0,68.75,5.0,69.18,2.0
2021-09-24 09:40:56.754929-04:00,32.75,21.0,32.79,60.0,17.5,721.0,17.52,399.0,16.29,75.0,16.3,1939.0,54.48,36.0,54.56,90.0,16.09,14.0,16.1,199.0,24.31,83.0,24.33,210.0,68.75,15.0,69.18,2.0
2021-09-24 09:40:56.754929-04:00,32.75,21.0,32.79,60.0,17.5,721.0,17.52,399.0,16.29,75.0,16.3,1939.0,54.48,36.0,54.56,90.0,16.09,13.0,16.1,199.0,24.31,83.0,24.33,210.0,68.75,15.0,69.18,2.0
2021-09-24 09:40:56.754929-04:00,32.75,21.0,32.79,60.0,17.51,64.0,17.52,340.0,16.29,75.0,16.3,1939.0,54.48,36.0,54.56,90.0,16.09,13.0,16.1,199.0,24.31,83.0,24.33,210.0,68.75,15.0,69.18,2.0
2021-09-24 09:40:56.754929-04:00,32.75,21.0,32.79,60.0,17.51,64.0,17.52,340.0,16.29,75.0,16.3,1939.0,54.48,90.0,54.55,92.0,16.09,13.0,16.1,199.0,24.31,83.0,24.33,210.0,68.75,15.0,69.18,2.0
2021-09-24 09:41:07.479258-04:00,32.75,82.0,32.79,60.0,17.51,64.0,17.52,340.0,16.29,406.0,16.3,976.0,54.48,90.0,54.55,92.0,16.09,13.0,16.1,199.0,24.31,83.0,24.33,210.0,68.75,15.0,69.18,2.0
2021-09-24 09:41:07.479258-04:00,32.75,82.0,32.79,60.0,17.51,64.0,17.52,340.0,16.29,406.0,16.3,976.0,54.48,72.0,54.56,72.0,16.09,13.0,16.1,199.0,24.31,83.0,24.33,210.0,68.75,15.0,69.18,2.0
2021-09-24 09:41:15.487835-04:00,32.74,121.0,32.79,80.0,17.51,64.0,17.52,340.0,16.29,406.0,16.3,976.0,54.48,72.0,54.56,72.0,16.09,13.0,16.1,199.0,24.31,83.0,24.33,210.0,68.75,15.0,69.18,2.0
2021-09-24 09:41:15.487835-04:00,32.74,121.0,32.79,80.0,17.5,1055.0,17.52,599.0,16.29,406.0,16.3,976.0,54.48,72.0,54.56,72.0,16.08,77.0,16.1,199.0,24.31,83.0,24.33,210.0,68.75,15.0,69.18,2.0
2021-09-24 09:41:15.487835-04:00,32.74,121.0,32.79,80.0,17.5,1055.0,17.52,599.0,16.29,406.0,16.3,976.0,54.48,72.0,54.56,72.0,16.08,77.0,16.1,199.0,24.31,83.0,24.33,210.0,68.75,10.0,69.17,2.0
2021-09-24 09:41:15.487835-04:00,32.74,121.0,32.79,80.0,17.5,1055.0,17.52,599.0,16.28,923.0,16.29,402.0,54.48,72.0,54.56,72.0,16.08,77.0,16.1,199.0,24.31,83.0,24.33,210.0,68.75,10.0,69.17,2.0
2021-09-24 09:41:15.487835-04:00,32.74,121.0,32.79,80.0,17.5,1055.0,17.52,599.0,16.28,923.0,16.29,402.0,54.48,72.0,54.56,72.0,16.09,10.0,16.1,199.0,24.31,83.0,24.33,210.0,68.75,10.0,69.17,2.0
2021-09-24 09:41:15.487835-04:00,32.74,121.0,32.79,80.0,17.5,1055.0,17.52,599.0,16.28,923.0,16.29,402.0,54.48,72.0,54.56,72.0,16.09,10.0,16.1,199.0,24.31,83.0,24.33,210.0,68.75,10.0,69.18,2.0
2021-09-24 09:41:15.487835-04:00,32.74,121.0,32.79,80.0,17.5,1055.0,17.52,599.0,16.28,923.0,16.29,402.0,54.48,90.0,54.55,2.0,16.09,10.0,16.1,199.0,24.31,83.0,24.33,210.0,68.75,10.0,69.18,2.0
2021-09-24 09:41:15.487835-04:00,32.74,121.0,32.79,80.0,17.5,1318.0,17.52,585.0,16.28,923.0,16.29,402.0,54.48,90.0,54.55,2.0,16.09,10.0,16.1,199.0,24.31,83.0,24.33,210.0,68.75,10.0,69.18,2.0
2021-09-24 09:41:15.487835-04:00,32.74,121.0,32.79,80.0,17.5,1318.0,17.52,585.0,16.29,58.0,16.3,1857.0,54.48,90.0,54.55,2.0,16.09,10.0,16.1,199.0,24.31,83.0,24.33,210.0,68.75,10.0,69.18,2.0
2021-09-24 09:41:15.487835-04:00,32.74,121.0,32.79,80.0,17.5,1318.0,17.52,585.0,16.29,52.0,16.3,1783.0,54.48,90.0,54.55,2.0,16.09,10.0,16.1,199.0,24.31,83.0,24.33,210.0,68.75,10.0,69.18,2.0
2021-09-24 09:41:15.487835-04:00,32.74,121.0,32.79,80.0,17.5,1318.0,17.52,523.0,16.29,52.0,16.3,1783.0,54.48,90.0,54.55,2.0,16.09,10.0,16.1,199.0,24.31,83.0,24.33,210.0,68.75,10.0,69.18,2.0
2021-09-24 09:41:15.487835-04:00,32.74,121.0,32.79,80.0,17.5,1318.0,17.52,523.0,16.29,52.0,16.3,1783.0,54.48,90.0,54.55,2.0,16.09,18.0,16.1,199.0,24.31,83.0,24.33,210.0,68.75,10.0,69.18,2.0
2021-09-24 09:41:15.487835-04:00,32.74,121.0,32.79,80.0,17.5,1318.0,17.52,523.0,16.29,52.0,16.3,1783.0,54.47,90.0,54.55,54.0,16.09,18.0,16.1,199.0,24.31,83.0,24.33,210.0,68.75,10.0,69.18,2.0
2021-09-24 09:41:47.714674-04:00,32.75,120.0,32.8,80.0,17.5,1318.0,17.52,523.0,16.29,52.0,16.3,1783.0,54.47,90.0,54.55,54.0,16.09,18.0,16.1,199.0,24.31,83.0,24.33,210.0,68.75,10.0,69.18,2.0
2021-09-24 09:41:47.714674-04:00,32.75,120.0,32.8,80.0,17.51,64.0,17.52,391.0,16.29,52.0,16.3,1783.0,54.47,90.0,54.55,54.0,16.09,18.0,16.1,199.0,24.31,83.0,24.33,210.0,68.75,10.0,69.18,2.0
2021-09-24 09:41:47.714674-04:00,32.75,120.0,32.8,80.0,17.51,64.0,17.52,391.0,16.29,439.0,16.3,1839.0,54.47,90.0,54.55,54.0,16.09,18.0,16.1,199.0,24.31,83.0,24.33,210.0,68.75,10.0,69.18,2.0
2021-09-24 09:41:55.472932-04:00,32.76,82.0,32.8,80.0,17.51,64.0,17.52,391.0,16.29,439.0,16.3,1839.0,54.47,90.0,54.55,54.0,16.09,18.0,16.1,199.0,24.31,83.0,24.33,210.0,68.75,10.0,69.18,2.0
2021-09-24 09:41:55.472932-04:00,32.76,82.0,32.8,80.0,17.51,64.0,17.52,391.0,16.29,687.0,16.3,1839.0,54.47,18.0,54.54,55.0,16.09,18.0,16.1,199.0,24.31,83.0,24.33,210.0,68.75,10.0,69.18,2.0
2021-09-24 09:41:55.472932-04:00,32.76,82.0,32.8,80.0,17.51,355.0,17.52,391.0,16.29,687.0,16.3,1839.0,54.47,18.0,54.54,55.0,16.09,18.0,16.1,199.0,24.31,83.0,24.33,210.0,68.75,10.0,69.18,26.0
2021-09-24 09:42:09.120445-04:00,32.76,102.0,32.8,80.0,17.51,355.0,17.52,391.0,16.29,687.0,16.3,1839.0,54.47,90.0,54.54,92.0,16.09,18.0,16.1,199.0,24.31,83.0,24.33,210.0,68.75,10.0,69.18,26.0
2021-09-24 09:42:09.120445-04:00,32.76,102.0,32.8,80.0,17.51,374.0,17.52,434.0,16.29,687.0,16.3,1839.0,54.47,90.0,54.54,92.0,16.09,18.0,16.1,199.0,24.31,83.0,24.33,210.0,68.75,10.0,69.18,26.0
2021-09-24 09:42:09.120445-04:00,32.76,102.0,32.8,80.0,17.51,374.0,17.52,434.0,16.29,687.0,16.3,1839.0,54.47,90.0,54.54,92.0,16.09,43.0,16.1,199.0,24.31,83.0,24.33,210.0,68.75,10.0,69.18,26.0
2021-09-24 09:42:09.120445-04:00,32.76,102.0,32.8,80.0,17.51,374.0,17.52,434.0,16.29,553.0,16.3,1839.0,54.47,90.0,54.54,92.0,16.09,43.0,16.1,199.0,24.31,83.0,24.33,210.0,68.75,10.0,69.18,26.0
2021-09-24 09:42:09.120445-04:00,32.76,102.0,32.8,80.0,17.51,1265.0,17.52,434.0,16.29,553.0,16.3,1839.0,54.47,90.0,54.54,92.0,16.09,43.0,16.1,199.0,24.31,83.0,24.33,210.0,68.75,10.0,69.18,26.0
2021-09-24 09:42:09.120445-04:00,32.76,102.0,32.8,80.0,17.51,1265.0,17.52,434.0,16.29,553.0,16.3,1839.0,54.47,90.0,54.54,92.0,16.09,43.0,16.1,199.0,24.31,88.0,24.33,210.0,68.75,10.0,69.18,26.0
2021-09-24 09:42:09.120445-04:00,32.76,102.0,32.8,80.0,17.51,1265.0,17.52,434.0,16.29,553.0,16.3,1839.0,54.47,18.0,54.54,92.0,16.09,43.0,16.1,199.0,24.31,88.0,24.33,210.0,68.75,10.0,69.18,26.0
2021-09-24 09:42:09.120445-04:00,32.76,102.0,32.8,80.0,17.51,1265.0,17.52,434.0,16.29,648.0,16.3,1839.0,54.47,18.0,54.54,92.0,16.09,26.0,16.1,199.0,24.31,88.0,24.33,210.0,68.74,10.0,69.18,26.0
2021-09-24 09:42:09.120445-04:00,32.76,102.0,32.8,80.0,17.51,1313.0,17.53,252.0,16.29,648.0,16.3,1839.0,54.47,18.0,54.54,92.0,16.09,26.0,16.1,199.0,24.31,88.0,24.33,196.0,68.74,10.0,69.18,26.0
2021-09-24 09:42:09.120445-04:00,32.76,102.0,32.8,80.0,17.51,1313.0,17.53,252.0,16.29,670.0,16.3,1571.0,54.47,18.0,54.54,92.0,16.09,73.0,16.1,185.0,24.31,88.0,24.33,196.0,68.74,10.0,69.18,26.0
2021-09-24 09:42:09.120445-04:00,32.76,102.0,32.8,80.0,17.51,1313.0,17.53,252.0,16.29,670.0,16.3,1571.0,54.45,18.0,54.52,18.0,16.09,73.0,16.1,185.0,24.31,88.0,24.33,196.0,68.74,10.0,69.18,26.0
2021-09-24 09:42:23.507983-04:00,32.77,100.0,32.82,20.0,17.51,1313.0,17.53,252.0,16.29,670.0,16.3,1571.0,54.45,18.0,54.52,18.0,16.09,73.0,16.1,185.0,24.31,88.0,24.33,196.0,68.74,10.0,69.18,26.0
2021-09-24 09:42:23.507983-04:00,32.77,100.0,32.82,20.0,17.51,1313.0,17.53,252.0,16.29,670.0,16.3,1571.0,54.45,18.0,54.52,18.0,16.09,73.0,16.1,185.0,24.31,88.0,24.33,196.0,68.73,5.0,69.16,2.0
2021-09-24 09:42:23.507983-04:00,32.77,100.0,32.82,20.0,17.51,1313.0,17.53,252.0,16.29,670.0,16.3,1571.0,54.45,18.0,54.52,18.0,16.09,73.0,16.1,185.0,24.31,88.0,24.33,23.0,68.73,5.0,69.16,2.0
2021-09-24 09:42:23.507983-04:00,32.77,100.0,32.82,20.0,17.51,1313.0,17.53,252.0,16.29,670.0,16.3,1571.0,54.45,18.0,54.52,18.0,16.09,8.0,16.1,27.0,24.31,88.0,24.33,23.0,68.73,5.0,69.16,2.0
2021-09-24 09:42:23.507983-04:00,32.77,100.0,32.82,20.0,17.52,124.0,17.53,521.0,16.29,670.0,16.3,1571.0,54.45,18.0,54.52,18.0,16.09,8.0,16.1,27.0,24.31,88.0,24.33,23.0,68.73,5.0,69.16,2.0
2021-09-24 09:42:23.507983-04:00,32.77,100.0,32.82,20.0,17.52,124.0,17.53,521.0,16.29,670.0,16.3,1571.0,54.45,18.0,54.52,90.0,16.09,8.0,16.1,27.0,24.31,88.0,24.33,23.0,68.73,5.0,69.16,2.0
2021-09-24 09:42:37.524517-04:00,32.78,100.0,32.82,100.0,17.52,124.0,17.53,521.0,16.29,670.0,16.3,1571.0,54.45,18.0,54.52,90.0,16.09,8.0,16.1,27.0,24.31,88.0,24.33,23.0,68.73,5.0,69.17,24.0
2021-09-24 09:42:37.524517-04:00,32.78,100.0,32.82,100.0,17.52,124.0,17.53,521.0,16.29,1365.0,16.3,1738.0,54.45,18.0,54.52,90.0,16.09,8.0,16.1,27.0,24.31,88.0,24.33,23.0,68.73,5.0,69.17,24.0
2021-09-24 09:42:37.524517-04:00,32.78,100.0,32.82,100.0,17.52,124.0,17.53,521.0,16.29,1365.0,16.3,1738.0,54.45,18.0,54.52,90.0,16.09,8.0,16.1,27.0,24.31,88.0,24.33,191.0,68.73,5.0,69.17,24.0
2021-09-24 09:42:37.524517-04:00,32.78,100.0,32.82,100.0,17.52,124.0,17.53,521.0,16.29,1365.0,16.3,1738.0,54.45,18.0,54.52,90.0,16.09,69.0,16.1,179.0,24.31,88.0,24.33,191.0,68.73,5.0,69.17,24.0
2021-09-24 09:42:37.524517-04:00,32.78,100.0,32.82,100.0,17.51,490.0,17.52,388.0,16.29,1365.0,16.3,1738.0,54.45,18.0,54.52,90.0,16.09,69.0,16.1,179.0,24.31,88.0,24.33,191.0,68.73,5.0,69.17,24.0
2021-09-24 09:42:50.203662-04:00,32.76,100.0,32.8,100.0,17.51,490.0,17.52,388.0,16.29,1365.0,16.3,1738.0,54.46,72.0,54.54,72.0,16.09,69.0,16.1,179.0,24.31,88.0,24.33,191.0,68.74,5.0,69.16,2.0
2021-09-24 09:42:50.203662-04:00,32.76,100.0,32.8,100.0,17.51,490.0,17.52,388.0,16.29,946.0,16.3,1872.0,54.46,72.0,54.54,72.0,16.09,66.0,16.1,164.0,24.31,88.0,24.33,199.0,68.74,5.0,69.15,2.0
2021-09-24 09:42:50.203662-04:00,32.76,100.0,32.8,100.0,17.51,555.0,17.52,141.0,16.29,946.0,16.3,1872.0,54.46,72.0,54.54,72.0,16.09,66.0,16.1,164.0,24.31,88.0,24.33,199.0,68.74,5.0,69.15,2.0
2021-09-24 09:42:55.545380-04:00,32.76,100.0,32.81,80.0,17.51,555.0,17.52,141.0,16.29,946.0,16.3,1872.0,54.46,72.0,54.54,72.0,16.09,66.0,16.1,164.0,24.31,88.0,24.33,199.0,68.74,5.0,69.15,2.0
2021-09-24 09:42:55.545380-04:00,32.76,100.0,32.81,80.0,17.51,555.0,17.52,141.0,16.29,910.0,16.3,1872.0,54.46,72.0,54.54,72.0,16.09,66.0,16.1,164.0,24.31,88.0,24.33,199.0,68.74,5.0,69.15,2.0
2021-09-24 09:42:55.545380-04:00,32.76,100.0,32.81,80.0,17.51,580.0,17.52,88.0,16.29,910.0,16.3,1872.0,54.46,72.0,54.54,72.0,16.09,66.0,16.1,164.0,24.31,88.0,24.33,199.0,68.74,5.0,69.15,2.0
2021-09-24 09:42:55.545380-04:00,32.76,100.0,32.81,80.0,17.51,580.0,17.52,88.0,16.29,910.0,16.3,1872.0,54.46,72.0,54.54,72.0,16.09,66.0,16.1,164.0,24.31,88.0,24.33,199.0,68.74,6.0,69.15,3.0
2021-09-24 09:42:55.545380-04:00,32.76,100.0,32.81,80.0,17.51,439.0,17.52,263.0,16.29,1140.0,16.3,1872.0,54.46,72.0,54.54,90.0,16.09,56.0,16.1,164.0,24.31,88.0,24.33,199.0,68.74,1.0,69.15,3.0
2021-09-24 09:43:17.476835-04:00,32.76,100.0,32.8,100.0,17.51,439.0,17.52,263.0,16.29,1140.0,16.3,1872.0,54.46,72.0,54.54,90.0,16.09,56.0,16.1,164.0,24.31,88.0,24.33,199.0,68.74,1.0,69.15,3.0
2021-09-24 09:43:21.577871-04:00,32.77,100.0,32.82,80.0,17.51,439.0,17.52,263.0,16.29,1140.0,16.3,1872.0,54.46,72.0,54.54,90.0,16.09,56.0,16.1,164.0,24.31,88.0,24.33,199.0,68.74,1.0,69.15,3.0
2021-09-24 09:43:21.577871-04:00,32.77,100.0,32.82,80.0,17.51,439.0,17.52,263.0,16.29,1140.0,16.3,1872.0,54.46,72.0,54.54,90.0,16.09,79.0,16.1,163.0,24.31,88.0,24.33,199.0,68.74,1.0,69.15,3.0
2021-09-24 09:43:21.577871-04:00,32.77,100.0,32.82,80.0,17.51,439.0,17.52,263.0,16.29,1262.0,16.3,1604.0,54.44,18.0,54.52,18.0,16.09,79.0,16.1,163.0,24.31,88.0,24.33,199.0,68.74,1.0,69.15,3.0
2021-09-24 09:43:21.577871-04:00,32.77,100.0,32.82,80.0,17.51,1452.0,17.53,381.0,16.29,1262.0,16.3,1604.0,54.44,18.0,54.52,18.0,16.09,79.0,16.1,163.0,24.31,88.0,24.33,199.0,68.74,1.0,69.15,3.0
2021-09-24 09:43:21.577871-04:00,32.77,100.0,32.82,80.0,17.51,1452.0,17.53,372.0,16.29,1262.0,16.3,1604.0,54.44,18.0,54.52,18.0,16.09,79.0,16.1,163.0,24.31,88.0,24.33,199.0,68.74,1.0,69.15,3.0
2021-09-24 09:43:21.577871-04:00,32.77,100.0,32.82,80.0,17.51,1452.0,17.53,372.0,16.29,1262.0,16.3,1604.0,54.44,18.0,54.52,36.0,16.09,79.0,16.1,163.0,24.31,88.0,24.33,199.0,68.74,1.0,69.15,3.0
2021-09-24 09:43:21.577871-04:00,32.77,100.0,32.82,80.0,17.51,1452.0,17.53,372.0,16.29,1262.0,16.3,1604.0,54.44,18.0,54.52,36.0,16.09,62.0,16.1,142.0,24.31,88.0,24.33,167.0,68.74,1.0,69.15,3.0
2021-09-24 09:43:21.577871-04:00,32.77,100.0,32.82,80.0,17.51,1452.0,17.53,372.0,16.29,929.0,16.3,1701.0,54.44,18.0,54.52,36.0,16.09,62.0,16.1,142.0,24.31,88.0,24.33,167.0,68.74,1.0,69.15,3.0
2021-09-24 09:43:21.577871-04:00,32.77,100.0,32.82,80.0,17.51,1452.0,17.53,372.0,16.29,929.0,16.3,1701.0,54.45,90.0,54.53,90.0,16.09,62.0,16.1,142.0,24.31,88.0,24.33,167.0,68.74,1.0,69.15,3.0
2021-09-24 09:43:21.577871-04:00,32.77,100.0,32.82,80.0,17.51,1340.0,17.53,717.0,16.29,929.0,16.3,1701.0,54.45,90.0,54.53,90.0,16.09,62.0,16.1,142.0,24.31,88.0,24.33,167.0,68.74,1.0,69.15,3.0
2021-09-24 09:43:21.577871-04:00,32.77,100.0,32.82,80.0,17.5,1407.0,17.52,576.0,16.29,929.0,16.3,1701.0,54.45,90.0,54.53,90.0,16.09,62.0,16.1,142.0,24.31,88.0,24.33,167.0,68.74,1.0,69.15,3.0
2021-09-24 09:43:57.767116-04:00,32.75,80.0,32.79,101.0,17.5,1407.0,17.52,576.0,16.29,929.0,16.3,1701.0,54.45,90.0,54.53,90.0,16.09,43.0,16.1,142.0,24.31,88.0,24.33,167.0,68.74,1.0,69.15,3.0
2021-09-24 09:43:57.767116-04:00,32.75,80.0,32.79,101.0,17.5,1407.0,17.52,576.0,16.29,573.0,16.3,1919.0,54.48,36.0,54.55,18.0,16.09,43.0,16.1,142.0,24.31,88.0,24.33,167.0,68.74,1.0,69.15,3.0
2021-09-24 09:43:57.767116-04:00,32.75,80.0,32.79,101.0,17.5,1407.0,17.52,576.0,16.29,573.0,16.3,1919.0,54.48,36.0,54.55,18.0,16.09,43.0,16.1,142.0,24.31,96.0,24.33,167.0,68.74,1.0,69.15,3.0
2021-09-24 09:44:07.630773-04:00,32.75,20.0,32.79,122.0,17.5,1407.0,17.52,576.0,16.29,573.0,16.3,1919.0,54.48,36.0,54.55,18.0,16.09,43.0,16.1,142.0,24.31,96.0,24.33,167.0,68.74,1.0,69.15,3.0
2021-09-24 09:44:07.630773-04:00,32.75,20.0,32.79,122.0,17.5,1407.0,17.52,576.0,16.29,134.0,16.29,192.0,54.48,110.0,54.55,15.0,16.09,43.0,16.1,142.0,24.31,96.0,24.33,167.0,68.74,1.0,69.15,3.0
2021-09-24 09:44:07.630773-04:00,32.75,20.0,32.79,122.0,17.5,1550.0,17.52,594.0,16.29,134.0,16.29,192.0,54.48,110.0,54.55,15.0,16.09,43.0,16.1,142.0,24.31,96.0,24.33,167.0,68.74,1.0,69.15,3.0
2021-09-24 09:44:07.630773-04:00,32.75,20.0,32.79,122.0,17.5,1550.0,17.52,594.0,16.29,134.0,16.29,192.0,54.48,110.0,54.55,15.0,16.09,47.0,16.1,149.0,24.31,96.0,24.33,167.0,68.74,1.0,69.15,3.0
2021-09-24 09:44:07.630773-04:00,32.75,20.0,32.79,122.0,17.5,661.0,17.52,545.0,16.29,134.0,16.29,192.0,54.48,110.0,54.55,15.0,16.09,47.0,16.1,149.0,24.31,96.0,24.33,167.0,68.74,1.0,69.15,3.0
2021-09-24 09:44:18.645296-04:00,32.74,120.0,32.79,121.0,17.5,661.0,17.52,545.0,16.29,134.0,16.29,192.0,54.48,110.0,54.55,15.0,16.09,72.0,16.1,156.0,24.31,96.0,24.33,167.0,68.74,1.0,69.15,3.0
2021-09-24 09:44:18.645296-04:00,32.74,120.0,32.79,121.0,17.5,661.0,17.52,545.0,16.29,134.0,16.29,192.0,54.48,109.0,54.56,110.0,16.09,72.0,16.1,156.0,24.31,96.0,24.33,167.0,68.74,1.0,69.15,3.0
2021-09-24 09:44:18.645296-04:00,32.74,120.0,32.79,121.0,17.5,661.0,17.52,545.0,16.28,992.0,16.29,508.0,54.48,109.0,54.56,110.0,16.09,72.0,16.1,156.0,24.31,96.0,24.33,167.0,68.74,1.0,69.15,3.0
2021-09-24 09:44:18.645296-04:00,32.74,120.0,32.79,121.0,17.5,661.0,17.52,545.0,16.28,992.0,16.29,508.0,54.48,109.0,54.56,110.0,16.09,72.0,16.1,156.0,24.31,96.0,24.33,167.0,68.74,20.0,69.15,3.0
2021-09-24 09:44:18.645296-04:00,32.74,120.0,32.79,121.0,17.5,661.0,17.52,545.0,16.28,992.0,16.29,508.0,54.48,109.0,54.56,110.0,16.09,72.0,16.1,170.0,24.31,96.0,24.33,167.0,68.74,20.0,69.15,3.0
2021-09-24 09:44:18.645296-04:00,32.74,120.0,32.79,121.0,17.5,661.0,17.52,545.0,16.28,992.0,16.29,508.0,54.48,129.0,54.56,90.0,16.09,72.0,16.1,170.0,24.31,96.0,24.33,167.0,68.74,20.0,69.15,3.0
2021-09-24 09:44:18.645296-04:00,32.74,120.0,32.79,121.0,17.5,661.0,17.52,545.0,16.28,990.0,16.29,508.0,54.48,129.0,54.56,90.0,16.09,72.0,16.1,170.0,24.31,96.0,24.33,167.0,68.74,20.0,69.15,3.0
2021-09-24 09:44:18.645296-04:00,32.74,120.0,32.79,121.0,17.5,604.0,17.52,605.0,16.28,990.0,16.29,508.0,54.48,129.0,54.56,90.0,16.09,72.0,16.1,170.0,24.31,96.0,24.33,167.0,68.74,20.0,69.15,3.0
2021-09-24 09:44:18.645296-04:00,32.74,120.0,32.79,121.0,17.51,332.0,17.52,497.0,16.28,990.0,16.29,508.0,54.48,129.0,54.56,90.0,16.09,72.0,16.1,170.0,24.31,96.0,24.33,167.0,68.74,20.0,69.15,3.0
2021-09-24 09:44:18.645296-04:00,32.74,120.0,32.79,121.0,17.51,332.0,17.52,497.0,16.28,990.0,16.29,508.0,54.48,129.0,54.56,90.0,16.09,55.0,16.1,170.0,24.31,96.0,24.33,167.0,68.74,20.0,69.15,3.0
2021-09-24 09:44:38.669688-04:00,32.76,20.0,32.8,120.0,17.51,332.0,17.52,497.0,16.28,990.0,16.29,508.0,54.48,129.0,54.56,90.0,16.09,55.0,16.1,170.0,24.31,96.0,24.33,167.0,68.74,20.0,69.15,3.0
2021-09-24 09:44:38.669688-04:00,32.76,20.0,32.8,120.0,17.51,332.0,17.52,497.0,16.28,990.0,16.29,508.0,54.47,55.0,54.54,33.0,16.09,55.0,16.1,170.0,24.31,96.0,24.33,167.0,68.74,20.0,69.15,3.0
2021-09-24 09:44:38.669688-04:00,32.76,20.0,32.8,120.0,17.51,332.0,17.52,497.0,16.29,714.0,16.3,1950.0,54.47,55.0,54.54,33.0,16.09,55.0,16.1,170.0,24.31,96.0,24.33,167.0,68.74,20.0,69.15,3.0
2021-09-24 09:44:38.669688-04:00,32.76,20.0,32.8,120.0,17.51,332.0,17.52,497.0,16.29,714.0,16.3,1950.0,54.47,55.0,54.54,33.0,16.09,55.0,16.1,170.0,24.31,96.0,24.33,167.0,68.74,1.0,69.15,3.0
2021-09-24 09:44:38.669688-04:00,32.76,20.0,32.8,120.0,17.51,1388.0,17.52,130.0,16.29,714.0,16.3,1950.0,54.47,55.0,54.54,33.0,16.09,55.0,16.1,170.0,24.31,96.0,24.33,167.0,68.74,1.0,69.15,3.0
2021-09-24 09:44:47.678715-04:00,32.77,20.0,32.8,20.0,17.51,1388.0,17.52,130.0,16.29,714.0,16.3,1950.0,54.46,110.0,54.53,72.0,16.09,11.0,16.1,170.0,24.31,96.0,24.33,167.0,68.74,1.0,69.15,3.0
2021-09-24 09:44:47.678715-04:00,32.77,20.0,32.8,20.0,17.51,1388.0,17.52,130.0,16.29,970.0,16.3,1942.0,54.46,110.0,54.53,72.0,16.09,11.0,16.1,170.0,24.31,96.0,24.33,167.0,68.74,1.0,69.15,3.0
2021-09-24 09:44:47.678715-04:00,32.77,20.0,32.8,20.0,17.51,1388.0,17.52,130.0,16.29,970.0,16.3,1942.0,54.46,110.0,54.53,72.0,16.08,88.0,16.1,156.0,24.31,96.0,24.33,167.0,68.74,1.0,69.15,3.0
2021-09-24 09:44:47.678715-04:00,32.77,20.0,32.8,20.0,17.51,800.0,17.52,1001.0,16.29,970.0,16.3,1942.0,54.46,110.0,54.53,72.0,16.08,88.0,16.1,156.0,24.31,68.0,24.33,167.0,68.74,1.0,69.15,3.0
2021-09-24 09:44:58.692269-04:00,32.73,60.0,32.78,4.0,17.51,800.0,17.52,1001.0,16.29,970.0,16.3,1942.0,54.46,110.0,54.53,72.0,16.08,88.0,16.1,156.0,24.31,68.0,24.33,167.0,68.74,1.0,69.15,3.0
2021-09-24 09:44:58.692269-04:00,32.73,60.0,32.78,4.0,17.51,800.0,17.52,1001.0,16.28,1448.0,16.29,1217.0,54.52,5.0,54.57,54.0,16.08,88.0,16.1,156.0,24.31,68.0,24.33,167.0,68.74,1.0,69.15,3.0
2021-09-24 09:44:58.692269-04:00,32.73,60.0,32.78,4.0,17.51,800.0,17.52,1001.0,16.28,1448.0,16.29,1217.0,54.52,5.0,54.57,54.0,16.08,88.0,16.1,156.0,24.31,68.0,24.33,167.0,68.75,1.0,69.15,1.0
2021-09-24 09:44:59.694589-04:00,32.73,60.0,32.78,4.0,17.51,800.0,17.52,1001.0,16.28,1448.0,16.29,1217.0,54.52,5.0,54.57,54.0,16.08,88.0,16.1,156.0,24.31,68.0,24.33,167.0,68.75,2.0,69.15,2.0
2021-09-24 09:45:04.973476-04:00,32.73,60.0,32.78,4.0,17.51,800.0,17.52,1001.0,16.28,1448.0,16.29,1217.0,54.52,5.0,54.57,54.0,16.08,88.0,16.1,156.0,24.31,77.0,24.33,168.0,68.75,2.0,69.15,2.0
2021-09-24 09:45:06.701854-04:00,32.73,60.0,32.78,4.0,17.51,800.0,17.52,1001.0,16.28,1448.0,16.29,1217.0,54.52,5.0,54.57,54.0,16.08,88.0,16.09,29.0,24.31,77.0,24.33,168.0,68.75,2.0,69.15,2.0
2021-09-24 09:45:07.704175-04:00,32.74,128.0,32.79,76.0,17.51,800.0,17.52,1001.0,16.28,1448.0,16.29,1217.0,54.52,5.0,54.57,54.0,16.08,88.0,16.09,29.0,24.31,77.0,24.33,168.0,68.75,2.0,69.15,2.0
2021-09-24 09:45:07.704175-04:00,32.74,128.0,32.79,76.0,17.51,800.0,17.52,1001.0,16.28,1448.0,16.29,1217.0,54.5,2.0,54.56,76.0,16.08,88.0,16.09,29.0,24.31,77.0,24.33,168.0,68.75,2.0,69.15,2.0
2021-09-24 09:45:07.704175-04:00,32.74,128.0,32.79,76.0,17.5,1935.0,17.51,30.0,16.28,1448.0,16.29,1217.0,54.5,2.0,54.56,76.0,16.08,88.0,16.09,29.0,24.31,77.0,24.33,168.0,68.75,2.0,69.15,2.0
2021-09-24 09:45:07.704175-04:00,32.74,128.0,32.79,76.0,17.5,1935.0,17.51,30.0,16.28,2126.0,16.29,737.0,54.5,2.0,54.56,76.0,16.08,88.0,16.09,29.0,24.31,77.0,24.33,168.0,68.75,2.0,69.15,2.0
2021-09-24 09:45:07.704175-04:00,32.74,128.0,32.79,76.0,17.5,1935.0,17.51,30.0,16.28,2126.0,16.29,737.0,54.5,2.0,54.55,2.0,16.08,89.0,16.1,188.0,24.31,92.0,24.33,168.0,68.75,2.0,69.15,2.0
2021-09-24 09:45:18.518264-04:00,32.74,134.0,32.79,141.0,17.51,52.0,17.52,1055.0,16.28,2126.0,16.29,737.0,54.5,2.0,54.55,2.0,16.08,89.0,16.1,188.0,24.31,92.0,24.33,168.0,68.75,2.0,69.15,2.0
2021-09-24 09:45:18.518264-04:00,32.74,134.0,32.79,141.0,17.51,52.0,17.52,1055.0,16.28,2126.0,16.29,737.0,54.5,2.0,54.55,2.0,16.08,89.0,16.1,188.0,24.31,92.0,24.33,168.0,68.76,7.0,69.14,7.0
2021-09-24 09:45:18.518264-04:00,32.74,134.0,32.79,141.0,17.51,52.0,17.52,1055.0,16.28,2418.0,16.29,1497.0,54.5,2.0,54.55,2.0,16.08,89.0,16.1,188.0,24.31,92.0,24.33,168.0,68.76,7.0,69.14,7.0
2021-09-24 09:45:18.518264-04:00,32.74,134.0,32.79,141.0,17.51,40.0,17.52,1146.0,16.28,2418.0,16.29,1497.0,54.5,2.0,54.55,2.0,16.08,89.0,16.1,188.0,24.31,92.0,24.33,168.0,68.76,7.0,69.14,7.0
2021-09-24 09:45:18.518264-04:00,32.74,134.0,32.79,141.0,17.51,40.0,17.52,1146.0,16.28,2418.0,16.29,1497.0,54.5,2.0,54.55,2.0,16.08,89.0,16.09,22.0,24.31,92.0,24.33,168.0,68.76,7.0,69.14,7.0
2021-09-24 09:45:18.518264-04:00,32.74,134.0,32.79,141.0,17.51,40.0,17.52,1146.0,16.28,2418.0,16.29,1497.0,54.5,2.0,54.55,2.0,16.08,89.0,16.09,22.0,24.31,71.0,24.33,168.0,68.76,7.0,69.14,7.0
2021-09-24 09:45:27.727639-04:00,32.75,54.0,32.79,20.0,17.51,40.0,17.52,1146.0,16.28,2418.0,16.29,1497.0,54.5,1.0,54.55,34.0,16.08,89.0,16.09,22.0,24.31,71.0,24.33,168.0,68.76,7.0,69.14,7.0
2021-09-24 09:45:27.727639-04:00,32.75,54.0,32.79,20.0,17.51,40.0,17.52,1146.0,16.28,2418.0,16.29,1497.0,54.5,1.0,54.55,34.0,16.08,89.0,16.09,22.0,24.31,71.0,24.33,168.0,68.76,2.0,69.1,7.0
2021-09-24 09:45:27.727639-04:00,32.75,54.0,32.79,20.0,17.51,40.0,17.52,1146.0,16.28,2569.0,16.29,1.0,54.5,1.0,54.55,34.0,16.08,89.0,16.09,22.0,24.31,71.0,24.33,168.0,68.76,2.0,69.1,7.0
2021-09-24 09:45:27.727639-04:00,32.75,54.0,32.79,20.0,17.51,40.0,17.52,1146.0,16.28,2569.0,16.29,1.0,54.5,1.0,54.55,34.0,16.08,89.0,16.09,22.0,24.31,98.0,24.33,168.0,68.76,2.0,69.1,7.0
2021-09-24 09:45:31.886521-04:00,32.75,54.0,32.79,20.0,17.51,40.0,17.52,1146.0,16.28,2569.0,16.29,1.0,54.5,1.0,54.55,34.0,16.09,69.0,16.1,139.0,24.31,98.0,24.33,168.0,68.76,2.0,69.1,7.0
2021-09-24 09:45:31.886521-04:00,32.75,54.0,32.79,20.0,17.51,40.0,17.52,1146.0,16.28,2569.0,16.29,1.0,54.5,1.0,54.55,34.0,16.09,69.0,16.1,139.0,24.31,98.0,24.33,168.0,68.76,2.0,69.07,7.0
2021-09-24 09:45:31.886521-04:00,32.75,54.0,32.79,20.0,17.52,686.0,17.53,1005.0,16.28,2569.0,16.29,1.0,54.5,1.0,54.55,34.0,16.09,69.0,16.1,139.0,24.31,98.0,24.33,168.0,68.76,2.0,69.07,7.0
2021-09-24 09:45:38.710277-04:00,32.78,20.0,32.82,27.0,17.52,686.0,17.53,1005.0,16.28,2569.0,16.29,1.0,54.5,1.0,54.55,34.0,16.09,69.0,16.1,139.0,24.31,98.0,24.33,168.0,68.76,2.0,69.07,7.0
2021-09-24 09:45:38.710277-04:00,32.78,20.0,32.82,27.0,17.52,686.0,17.53,1005.0,16.28,2569.0,16.29,1.0,54.46,6.0,54.51,2.0,16.09,69.0,16.1,139.0,24.31,98.0,24.33,168.0,68.76,2.0,69.07,7.0
2021-09-24 09:45:38.710277-04:00,32.78,20.0,32.82,27.0,17.52,686.0,17.53,1005.0,16.29,2195.0,16.3,2456.0,54.46,6.0,54.51,2.0,16.09,69.0,16.1,139.0,24.31,98.0,24.33,168.0,68.76,2.0,69.07,7.0
2021-09-24 09:45:48.722553-04:00,32.78,120.0,32.83,60.0,17.52,570.0,17.53,816.0,16.29,2195.0,16.3,2456.0,54.46,6.0,54.51,2.0,16.09,69.0,16.1,139.0,24.31,98.0,24.33,168.0,68.76,2.0,69.07,7.0
2021-09-24 09:45:48.722553-04:00,32.78,120.0,32.83,60.0,17.52,570.0,17.53,816.0,16.29,2652.0,16.3,2405.0,54.43,98.0,54.51,20.0,16.09,69.0,16.1,139.0,24.31,98.0,24.33,168.0,68.76,2.0,69.07,7.0
2021-09-24 09:45:48.722553-04:00,32.78,120.0,32.83,60.0,17.52,1191.0,17.53,943.0,16.29,2652.0,16.3,2405.0,54.43,98.0,54.51,20.0,16.09,69.0,16.1,139.0,24.31,98.0,24.33,168.0,68.76,2.0,69.07,7.0
2021-09-24 09:45:48.722553-04:00,32.78,120.0,32.83,60.0,17.52,1191.0,17.53,943.0,16.29,2652.0,16.3,2405.0,54.43,98.0,54.51,20.0,16.09,54.0,16.1,178.0,24.31,98.0,24.33,189.0,68.76,2.0,69.07,7.0
2021-09-24 09:45:58.735782-04:00,32.78,140.0,32.83,60.0,17.52,1191.0,17.53,943.0,16.29,2652.0,16.3,2405.0,54.43,98.0,54.51,20.0,16.09,54.0,16.1,178.0,24.31,98.0,24.33,189.0,68.76,2.0,69.07,7.0
2021-09-24 09:45:58.735782-04:00,32.78,140.0,32.83,60.0,17.52,1191.0,17.53,943.0,16.29,2652.0,16.3,2405.0,54.44,97.0,54.51,37.0,16.09,54.0,16.1,178.0,24.31,98.0,24.33,189.0,68.76,2.0,69.06,7.0
2021-09-24 09:45:58.735782-04:00,32.78,140.0,32.83,60.0,17.52,1191.0,17.53,943.0,16.29,2071.0,16.3,2423.0,54.44,97.0,54.51,37.0,16.09,54.0,16.1,178.0,24.31,98.0,24.33,189.0,68.76,2.0,69.06,7.0
2021-09-24 09:46:01.737754-04:00,32.78,140.0,32.83,60.0,17.52,1191.0,17.53,943.0,16.29,2071.0,16.3,2423.0,54.44,97.0,54.51,37.0,16.09,54.0,16.1,178.0,24.31,98.0,24.33,189.0,68.76,2.0,69.02,7.0
2021-09-24 09:46:01.737754-04:00,32.78,140.0,32.83,60.0,17.52,1191.0,17.53,943.0,16.29,2071.0,16.3,2423.0,54.44,97.0,54.51,37.0,16.09,72.0,16.1,175.0,24.31,98.0,24.33,189.0,68.76,2.0,69.02,7.0
2021-09-24 09:46:01.737754-04:00,32.78,140.0,32.83,60.0,17.52,1191.0,17.53,943.0,16.29,2071.0,16.3,2423.0,54.44,97.0,54.51,37.0,16.09,72.0,16.1,175.0,24.31,99.0,24.33,174.0,68.76,2.0,69.02,7.0
2021-09-24 09:46:01.737754-04:00,32.78,140.0,32.83,60.0,17.53,1465.0,17.54,299.0,16.29,2071.0,16.3,2423.0,54.44,97.0,54.51,37.0,16.09,72.0,16.1,175.0,24.31,99.0,24.33,174.0,68.76,2.0,69.02,7.0
2021-09-24 09:46:12.070131-04:00,32.82,10.0,32.86,86.0,17.53,1465.0,17.54,299.0,16.3,1606.0,16.31,1670.0,54.4,43.0,54.47,40.0,16.09,72.0,16.1,175.0,24.31,99.0,24.33,174.0,68.76,2.0,69.02,7.0
2021-09-24 09:46:12.070131-04:00,32.82,10.0,32.86,86.0,17.53,1465.0,17.54,299.0,16.3,1606.0,16.31,1670.0,54.43,147.0,54.5,1.0,16.09,72.0,16.1,175.0,24.31,99.0,24.33,174.0,68.76,2.0,69.02,7.0
2021-09-24 09:46:12.070131-04:00,32.82,10.0,32.86,86.0,17.52,1310.0,17.53,493.0,16.3,1606.0,16.31,1670.0,54.43,147.0,54.5,1.0,16.09,72.0,16.1,175.0,24.31,99.0,24.33,174.0,68.76,2.0,69.02,7.0
2021-09-24 09:46:12.070131-04:00,32.82,10.0,32.86,86.0,17.52,1310.0,17.53,493.0,16.3,1606.0,16.31,1670.0,54.43,147.0,54.5,1.0,16.09,71.0,16.1,172.0,24.31,99.0,24.33,174.0,68.76,2.0,69.02,7.0
2021-09-24 09:46:12.070131-04:00,32.82,10.0,32.86,86.0,17.52,1310.0,17.53,493.0,16.3,1606.0,16.31,1670.0,54.43,147.0,54.5,1.0,16.09,71.0,16.1,172.0,24.31,98.0,24.33,196.0,68.76,2.0,69.02,7.0
2021-09-24 09:46:18.509913-04:00,32.76,2.0,32.83,126.0,17.52,1310.0,17.53,493.0,16.3,1606.0,16.31,1670.0,54.43,147.0,54.5,1.0,16.09,71.0,16.1,172.0,24.31,98.0,24.33,196.0,68.76,2.0,69.01,7.0
2021-09-24 09:46:18.509913-04:00,32.76,2.0,32.83,126.0,17.52,1310.0,17.53,493.0,16.3,15.0,16.31,3362.0,54.43,147.0,54.5,1.0,16.09,71.0,16.1,172.0,24.31,98.0,24.33,196.0,68.76,2.0,69.01,7.0
2021-09-24 09:46:18.509913-04:00,32.76,2.0,32.83,126.0,17.52,1310.0,17.53,493.0,16.3,15.0,16.31,3362.0,54.43,147.0,54.5,1.0,16.09,71.0,16.1,172.0,24.31,98.0,24.33,196.0,68.76,2.0,68.99,7.0
2021-09-24 09:46:18.509913-04:00,32.76,2.0,32.83,126.0,17.52,1310.0,17.53,493.0,16.3,15.0,16.31,3362.0,54.43,147.0,54.5,1.0,16.09,74.0,16.1,171.0,24.31,98.0,24.33,196.0,68.76,2.0,68.99,7.0
2021-09-24 09:46:18.509913-04:00,32.76,2.0,32.83,126.0,17.52,1310.0,17.53,493.0,16.3,15.0,16.31,3362.0,54.43,147.0,54.5,1.0,16.09,74.0,16.1,171.0,24.31,99.0,24.33,170.0,68.76,2.0,68.99,7.0
2021-09-24 09:46:18.509913-04:00,32.76,2.0,32.83,126.0,17.52,2648.0,17.53,556.0,16.3,15.0,16.31,3362.0,54.43,147.0,54.5,1.0,16.09,74.0,16.1,171.0,24.31,99.0,24.33,170.0,68.76,2.0,68.99,7.0
2021-09-24 09:46:28.521152-04:00,32.79,60.0,32.83,26.0,17.52,2648.0,17.53,556.0,16.3,15.0,16.31,3187.0,54.43,147.0,54.5,1.0,16.09,74.0,16.1,171.0,24.31,99.0,24.33,170.0,68.76,2.0,68.99,7.0
2021-09-24 09:46:28.521152-04:00,32.79,60.0,32.83,26.0,17.52,2648.0,17.53,556.0,16.3,15.0,16.31,3187.0,54.43,137.0,54.49,49.0,16.09,74.0,16.1,171.0,24.31,99.0,24.33,170.0,68.76,2.0,68.99,7.0
2021-09-24 09:46:28.521152-04:00,32.79,60.0,32.83,26.0,17.53,85.0,17.54,1930.0,16.3,15.0,16.31,3187.0,54.43,137.0,54.49,49.0,16.09,74.0,16.1,171.0,24.31,99.0,24.33,170.0,68.76,2.0,68.99,7.0
2021-09-24 09:46:38.875466-04:00,32.8,120.0,32.84,52.0,17.53,85.0,17.54,1930.0,16.29,2886.0,16.3,1097.0,54.43,24.0,54.49,92.0,16.09,74.0,16.1,171.0,24.31,99.0,24.33,170.0,68.76,2.0,68.99,7.0
2021-09-24 09:46:38.875466-04:00,32.8,120.0,32.84,52.0,17.53,85.0,17.54,1958.0,16.29,2886.0,16.3,1097.0,54.43,24.0,54.49,92.0,16.09,74.0,16.1,171.0,24.31,99.0,24.33,170.0,68.76,2.0,68.99,7.0
2021-09-24 09:46:38.875466-04:00,32.8,120.0,32.84,52.0,17.53,85.0,17.54,1958.0,16.29,2886.0,16.3,1097.0,54.43,24.0,54.49,92.0,16.09,70.0,16.1,183.0,24.31,99.0,24.33,170.0,68.76,2.0,68.99,7.0
2021-09-24 09:46:48.545666-04:00,32.79,60.0,32.83,6.0,17.53,85.0,17.54,1958.0,16.29,2886.0,16.3,1097.0,54.43,24.0,54.49,92.0,16.09,70.0,16.1,183.0,24.31,98.0,24.33,151.0,68.76,2.0,68.99,7.0
2021-09-24 09:46:48.545666-04:00,32.79,60.0,32.83,6.0,17.53,85.0,17.54,1958.0,16.29,3039.0,16.3,880.0,54.43,24.0,54.49,92.0,16.09,70.0,16.1,183.0,24.31,98.0,24.33,151.0,68.76,2.0,68.99,7.0
2021-09-24 09:46:48.545666-04:00,32.79,60.0,32.83,6.0,17.53,85.0,17.54,1958.0,16.29,3039.0,16.3,880.0,54.43,65.0,54.49,1.0,16.09,70.0,16.1,183.0,24.31,98.0,24.33,151.0,68.76,2.0,68.99,7.0
2021-09-24 09:46:48.545666-04:00,32.79,60.0,32.83,6.0,17.53,85.0,17.54,1958.0,16.29,3039.0,16.3,880.0,54.43,65.0,54.49,1.0,16.09,70.0,16.1,183.0,24.31,98.0,24.33,151.0,68.76,2.0,68.99,2.0
2021-09-24 09:46:48.545666-04:00,32.79,60.0,32.83,6.0,17.52,170.0,17.53,1894.0,16.29,3039.0,16.3,880.0,54.43,65.0,54.49,1.0,16.09,70.0,16.1,183.0,24.31,98.0,24.33,151.0,68.76,2.0,68.99,2.0
2021-09-24 09:46:48.545666-04:00,32.79,60.0,32.83,6.0,17.52,170.0,17.53,1894.0,16.29,3039.0,16.3,880.0,54.43,65.0,54.49,1.0,16.09,10.0,16.1,29.0,24.31,95.0,24.33,189.0,68.76,2.0,68.99,2.0
2021-09-24 09:46:58.559890-04:00,32.77,20.0,32.82,141.0,17.52,170.0,17.53,1894.0,16.29,3039.0,16.3,880.0,54.43,65.0,54.49,1.0,16.09,10.0,16.1,29.0,24.31,95.0,24.33,189.0,68.76,2.0,68.99,2.0
2021-09-24 09:46:58.559890-04:00,32.77,20.0,32.82,141.0,17.52,170.0,17.53,1894.0,16.29,2609.0,16.3,2153.0,54.43,65.0,54.49,1.0,16.09,10.0,16.1,29.0,24.31,95.0,24.33,189.0,68.76,2.0,68.99,2.0
2021-09-24 09:46:58.559890-04:00,32.77,20.0,32.82,141.0,17.52,170.0,17.53,1894.0,16.29,2609.0,16.3,2153.0,54.44,127.0,54.53,59.0,16.09,10.0,16.1,29.0,24.31,95.0,24.33,189.0,68.76,2.0,68.99,2.0
2021-09-24 09:47:01.561865-04:00,32.77,20.0,32.82,141.0,17.52,170.0,17.53,1894.0,16.29,2609.0,16.3,2153.0,54.44,127.0,54.53,59.0,16.08,67.0,16.1,209.0,24.31,95.0,24.33,189.0,68.76,2.0,68.99,2.0
2021-09-24 09:47:01.561865-04:00,32.77,20.0,32.82,141.0,17.52,170.0,17.53,1894.0,16.29,2609.0,16.3,2153.0,54.44,127.0,54.53,59.0,16.08,67.0,16.1,209.0,24.31,28.0,24.33,189.0,68.76,2.0,68.99,2.0
2021-09-24 09:47:01.561865-04:00,32.77,20.0,32.82,141.0,17.51,537.0,17.52,1485.0,16.29,2609.0,16.3,2153.0,54.44,127.0,54.53,59.0,16.08,67.0,16.1,209.0,24.31,28.0,24.33,189.0,68.76,2.0,68.99,2.0
2021-09-24 09:47:08.570154-04:00,32.75,53.0,32.79,20.0,17.51,537.0,17.52,1485.0,16.29,2609.0,16.3,2153.0,54.44,127.0,54.53,59.0,16.08,67.0,16.1,209.0,24.31,28.0,24.33,189.0,68.76,2.0,68.99,2.0
2021-09-24 09:47:08.570154-04:00,32.75,53.0,32.79,20.0,17.51,537.0,17.52,1485.0,16.28,3277.0,16.29,161.0,54.47,127.0,54.55,48.0,16.08,67.0,16.1,209.0,24.31,28.0,24.33,189.0,68.76,2.0,68.99,2.0
2021-09-24 09:47:08.570154-04:00,32.75,53.0,32.79,20.0,17.51,537.0,17.52,1485.0,16.28,3277.0,16.29,161.0,54.47,127.0,54.55,48.0,16.08,67.0,16.1,209.0,24.31,92.0,24.33,189.0,68.76,2.0,68.99,2.0
2021-09-24 09:47:08.570154-04:00,32.75,53.0,32.79,20.0,17.51,289.0,17.52,1417.0,16.28,3277.0,16.29,161.0,54.47,127.0,54.55,48.0,16.08,68.0,16.09,18.0,24.31,92.0,24.33,189.0,68.76,2.0,68.99,2.0
2021-09-24 09:47:19.033181-04:00,32.75,120.0,32.79,86.0,17.51,289.0,17.52,1417.0,16.28,3277.0,16.29,161.0,54.47,127.0,54.55,48.0,16.08,68.0,16.09,18.0,24.31,92.0,24.33,189.0,68.76,2.0,68.99,2.0
2021-09-24 09:47:19.033181-04:00,32.75,120.0,32.79,86.0,17.51,289.0,17.52,1417.0,16.28,2997.0,16.29,280.0,54.48,22.0,54.55,33.0,16.08,68.0,16.09,18.0,24.31,92.0,24.33,189.0,68.76,2.0,68.99,2.0
2021-09-24 09:47:19.033181-04:00,32.75,120.0,32.79,86.0,17.51,289.0,17.52,1417.0,16.28,2997.0,16.29,280.0,54.48,22.0,54.55,33.0,16.08,68.0,16.09,18.0,24.31,91.0,24.33,189.0,68.76,2.0,68.99,2.0
2021-09-24 09:47:27.509517-04:00,32.75,60.0,32.8,134.0,17.51,289.0,17.52,1417.0,16.28,2997.0,16.29,280.0,54.48,22.0,54.55,33.0,16.08,68.0,16.09,18.0,24.31,91.0,24.33,189.0,68.76,2.0,68.99,2.0
2021-09-24 09:47:27.509517-04:00,32.75,60.0,32.8,134.0,17.51,289.0,17.52,1417.0,16.28,2997.0,16.29,280.0,54.47,160.0,54.54,1.0,16.08,68.0,16.09,18.0,24.31,91.0,24.33,189.0,68.76,2.0,68.99,2.0
2021-09-24 09:47:27.509517-04:00,32.75,60.0,32.8,134.0,17.51,302.0,17.52,1488.0,16.28,2997.0,16.29,280.0,54.47,160.0,54.54,1.0,16.08,68.0,16.09,18.0,24.31,91.0,24.33,189.0,68.76,2.0,68.99,2.0
2021-09-24 09:47:27.509517-04:00,32.75,60.0,32.8,134.0,17.51,302.0,17.52,1488.0,16.28,2997.0,16.29,280.0,54.47,160.0,54.54,1.0,16.08,68.0,16.1,209.0,24.31,91.0,24.33,189.0,68.76,2.0,68.99,2.0
2021-09-24 09:47:27.509517-04:00,32.75,60.0,32.8,134.0,17.51,302.0,17.52,1488.0,16.29,498.0,16.3,3535.0,54.47,160.0,54.54,1.0,16.08,68.0,16.1,209.0,24.31,91.0,24.33,189.0,68.76,2.0,68.99,2.0
2021-09-24 09:47:27.509517-04:00,32.75,60.0,32.8,134.0,17.51,302.0,17.52,1488.0,16.29,498.0,16.3,3535.0,54.47,160.0,54.54,1.0,16.08,68.0,16.09,33.0,24.31,91.0,24.33,189.0,68.76,2.0,68.99,2.0
2021-09-24 09:47:27.509517-04:00,32.75,60.0,32.8,134.0,17.51,302.0,17.52,1488.0,16.29,498.0,16.3,3535.0,54.47,160.0,54.54,1.0,16.08,68.0,16.09,33.0,24.31,85.0,24.33,189.0,68.76,2.0,68.99,2.0
2021-09-24 09:47:37.521748-04:00,32.76,80.0,32.8,121.0,17.51,302.0,17.52,1488.0,16.29,498.0,16.3,3535.0,54.47,160.0,54.54,1.0,16.08,68.0,16.09,33.0,24.31,85.0,24.33,189.0,68.76,2.0,68.99,2.0
2021-09-24 09:47:37.521748-04:00,32.76,80.0,32.8,121.0,17.51,596.0,17.52,1460.0,16.29,498.0,16.3,3535.0,54.47,160.0,54.54,1.0,16.08,68.0,16.09,33.0,24.31,85.0,24.33,189.0,68.76,2.0,68.99,2.0
2021-09-24 09:47:37.521748-04:00,32.76,80.0,32.8,121.0,17.51,596.0,17.52,1460.0,16.29,1667.0,16.3,3389.0,54.47,160.0,54.54,1.0,16.08,68.0,16.09,33.0,24.31,85.0,24.33,189.0,68.76,2.0,68.99,2.0
2021-09-24 09:47:37.521748-04:00,32.76,80.0,32.8,121.0,17.51,596.0,17.52,1460.0,16.29,1667.0,16.3,3389.0,54.47,109.0,54.53,34.0,16.08,68.0,16.09,33.0,24.31,85.0,24.33,189.0,68.76,2.0,68.99,2.0
2021-09-24 09:47:37.521748-04:00,32.76,80.0,32.8,121.0,17.51,596.0,17.52,1460.0,16.29,1667.0,16.3,3389.0,54.47,109.0,54.53,34.0,16.08,68.0,16.1,217.0,24.31,85.0,24.33,189.0,68.76,2.0,68.99,2.0
2021-09-24 09:47:48.534336-04:00,32.73,20.0,32.77,21.0,17.5,396.0,17.51,1331.0,16.29,1667.0,16.3,3389.0,54.47,109.0,54.53,34.0,16.08,68.0,16.1,217.0,24.31,85.0,24.33,189.0,68.76,2.0,68.99,2.0
2021-09-24 09:47:48.534336-04:00,32.73,20.0,32.77,21.0,17.5,396.0,17.51,1331.0,16.28,2216.0,16.29,2909.0,54.5,2.0,54.56,33.0,16.08,68.0,16.1,217.0,24.31,85.0,24.33,189.0,68.76,2.0,68.99,2.0
2021-09-24 09:47:48.534336-04:00,32.73,20.0,32.77,21.0,17.5,396.0,17.51,1331.0,16.28,2216.0,16.29,2909.0,54.5,2.0,54.56,33.0,16.09,21.0,16.1,170.0,24.31,85.0,24.33,189.0,68.76,2.0,68.99,2.0
2021-09-24 09:47:48.534336-04:00,32.73,20.0,32.77,21.0,17.5,396.0,17.51,1331.0,16.28,2216.0,16.29,2909.0,54.5,2.0,54.56,33.0,16.09,21.0,16.1,170.0,24.31,87.0,24.33,189.0,68.76,2.0,68.99,2.0
2021-09-24 09:47:48.534336-04:00,32.73,20.0,32.77,21.0,17.52,300.0,17.53,1752.0,16.28,2216.0,16.29,2909.0,54.5,2.0,54.56,33.0,16.09,21.0,16.1,170.0,24.31,87.0,24.33,189.0,68.76,2.0,68.99,2.0
2021-09-24 09:47:59.205834-04:00,32.78,100.0,32.82,85.0,17.52,300.0,17.53,1752.0,16.28,2216.0,16.29,2909.0,54.5,2.0,54.56,33.0,16.09,21.0,16.1,170.0,24.31,87.0,24.33,189.0,68.76,2.0,68.99,2.0
2021-09-24 09:47:59.205834-04:00,32.78,100.0,32.82,85.0,17.52,300.0,17.53,1752.0,16.29,2320.0,16.3,2528.0,54.5,2.0,54.56,33.0,16.09,21.0,16.1,170.0,24.31,87.0,24.33,189.0,68.76,2.0,68.99,2.0
2021-09-24 09:47:59.205834-04:00,32.78,100.0,32.82,85.0,17.52,300.0,17.53,1752.0,16.29,2320.0,16.3,2528.0,54.44,105.0,54.51,110.0,16.09,21.0,16.1,170.0,24.31,87.0,24.33,189.0,68.76,2.0,68.99,2.0
2021-09-24 09:47:59.205834-04:00,32.78,100.0,32.82,85.0,17.52,300.0,17.53,1752.0,16.29,2320.0,16.3,2528.0,54.44,105.0,54.51,110.0,16.09,75.0,16.1,170.0,24.31,87.0,24.33,189.0,68.76,2.0,68.99,2.0
2021-09-24 09:47:59.205834-04:00,32.78,100.0,32.82,85.0,17.52,434.0,17.53,1430.0,16.29,2320.0,16.3,2528.0,54.44,105.0,54.51,110.0,16.09,75.0,16.1,170.0,24.31,87.0,24.33,189.0,68.76,2.0,68.99,2.0
2021-09-24 09:48:08.558798-04:00,32.78,100.0,32.82,62.0,17.52,434.0,17.53,1430.0,16.29,2320.0,16.3,2528.0,54.44,105.0,54.51,110.0,16.09,75.0,16.1,170.0,24.31,87.0,24.33,189.0,68.76,2.0,68.99,2.0
2021-09-24 09:48:08.558798-04:00,32.78,100.0,32.82,62.0,17.52,434.0,17.53,1430.0,16.29,2593.0,16.3,2553.0,54.44,105.0,54.51,110.0,16.09,75.0,16.1,170.0,24.31,87.0,24.33,189.0,68.76,2.0,68.99,2.0
2021-09-24 09:48:08.558798-04:00,32.78,100.0,32.82,62.0,17.52,434.0,17.53,1430.0,16.29,2593.0,16.3,2553.0,54.44,172.0,54.51,128.0,16.09,75.0,16.1,170.0,24.31,87.0,24.33,189.0,68.76,2.0,68.99,2.0
2021-09-24 09:48:08.558798-04:00,32.78,100.0,32.82,62.0,17.52,434.0,17.53,1430.0,16.29,2593.0,16.3,2553.0,54.44,172.0,54.51,128.0,16.09,11.0,16.1,27.0,24.31,87.0,24.33,189.0,68.76,2.0,68.99,2.0
2021-09-24 09:48:08.558798-04:00,32.78,100.0,32.82,62.0,17.52,434.0,17.53,1430.0,16.29,2593.0,16.3,2553.0,54.44,172.0,54.51,128.0,16.09,11.0,16.1,27.0,24.31,88.0,24.33,73.0,68.76,2.0,68.99,2.0
2021-09-24 09:48:08.558798-04:00,32.78,100.0,32.82,62.0,17.53,548.0,17.54,1237.0,16.29,2593.0,16.3,2553.0,54.44,172.0,54.51,128.0,16.09,11.0,16.1,27.0,24.31,88.0,24.33,73.0,68.76,2.0,68.99,2.0
2021-09-24 09:48:18.568039-04:00,32.81,85.0,32.85,81.0,17.53,548.0,17.54,1237.0,16.29,2593.0,16.3,2553.0,54.44,172.0,54.51,128.0,16.09,11.0,16.1,27.0,24.31,88.0,24.33,73.0,68.76,2.0,68.99,2.0
2021-09-24 09:48:18.568039-04:00,32.81,85.0,32.85,81.0,17.53,548.0,17.54,1237.0,16.29,2593.0,16.3,2553.0,54.41,126.0,54.48,147.0,16.09,11.0,16.1,27.0,24.31,88.0,24.33,73.0,68.76,2.0,68.99,2.0
2021-09-24 09:48:18.568039-04:00,32.81,85.0,32.85,81.0,17.53,548.0,17.54,1237.0,16.29,3667.0,16.3,285.0,54.41,126.0,54.48,147.0,16.09,11.0,16.1,27.0,24.31,88.0,24.33,73.0,68.76,2.0,68.99,2.0
2021-09-24 09:48:18.568039-04:00,32.81,85.0,32.85,81.0,17.53,548.0,17.54,1237.0,16.29,3667.0,16.3,285.0,54.41,126.0,54.48,147.0,16.09,11.0,16.1,27.0,24.31,88.0,24.33,73.0,68.76,1.0,68.99,21.0
2021-09-24 09:48:18.568039-04:00,32.81,85.0,32.85,81.0,17.53,190.0,17.54,1669.0,16.29,3667.0,16.3,285.0,54.41,126.0,54.48,147.0,16.09,11.0,16.1,27.0,24.31,88.0,24.33,73.0,68.76,1.0,68.99,21.0
2021-09-24 09:48:18.568039-04:00,32.81,85.0,32.85,81.0,17.53,190.0,17.54,1669.0,16.29,3667.0,16.3,285.0,54.41,126.0,54.48,147.0,16.09,75.0,16.1,58.0,24.31,88.0,24.33,73.0,68.76,1.0,68.99,21.0
2021-09-24 09:48:18.568039-04:00,32.81,85.0,32.85,81.0,17.53,190.0,17.54,1669.0,16.29,3667.0,16.3,285.0,54.41,126.0,54.48,147.0,16.09,75.0,16.1,58.0,24.32,15.0,24.33,182.0,68.76,1.0,68.99,21.0
2021-09-24 09:48:28.586253-04:00,32.82,1.0,32.84,20.0,17.53,190.0,17.54,1669.0,16.29,3288.0,16.3,1416.0,54.41,126.0,54.48,147.0,16.09,75.0,16.1,58.0,24.32,15.0,24.33,182.0,68.76,1.0,68.99,21.0
2021-09-24 09:48:28.586253-04:00,32.82,1.0,32.84,20.0,17.53,190.0,17.54,1669.0,16.29,3288.0,16.3,1416.0,54.42,109.0,54.48,55.0,16.09,75.0,16.1,58.0,24.32,15.0,24.33,182.0,68.76,1.0,68.99,21.0
2021-09-24 09:48:35.587536-04:00,32.82,1.0,32.85,61.0,17.53,190.0,17.54,1669.0,16.29,3288.0,16.3,1416.0,54.42,109.0,54.48,55.0,16.09,75.0,16.1,58.0,24.32,15.0,24.33,182.0,68.76,1.0,68.99,21.0
2021-09-24 09:48:35.587536-04:00,32.82,1.0,32.85,61.0,17.53,190.0,17.54,1669.0,16.29,3288.0,16.3,1416.0,54.42,109.0,54.48,55.0,16.09,75.0,16.1,134.0,24.32,15.0,24.33,182.0,68.76,1.0,68.99,21.0
2021-09-24 09:48:35.587536-04:00,32.82,1.0,32.85,61.0,17.53,190.0,17.54,1669.0,16.29,3288.0,16.3,1416.0,54.42,109.0,54.48,55.0,16.09,75.0,16.1,134.0,24.32,10.0,24.33,195.0,68.76,1.0,68.99,21.0
2021-09-24 09:48:35.587536-04:00,32.82,1.0,32.85,61.0,17.53,381.0,17.54,1549.0,16.29,3288.0,16.3,1416.0,54.42,109.0,54.48,55.0,16.09,75.0,16.1,134.0,24.32,10.0,24.33,195.0,68.76,1.0,68.99,21.0
2021-09-24 09:48:35.587536-04:00,32.82,1.0,32.85,61.0,17.53,381.0,17.54,1549.0,16.29,3298.0,16.3,684.0,54.42,109.0,54.48,55.0,16.09,75.0,16.1,134.0,24.32,10.0,24.33,195.0,68.76,1.0,68.99,21.0
2021-09-24 09:48:35.587536-04:00,32.82,1.0,32.85,61.0,17.53,381.0,17.54,1549.0,16.29,3298.0,16.3,684.0,54.41,121.0,54.48,78.0,16.09,75.0,16.1,134.0,24.32,10.0,24.33,195.0,68.76,1.0,68.99,21.0
2021-09-24 09:48:35.587536-04:00,32.82,1.0,32.85,61.0,17.53,381.0,17.54,1549.0,16.29,3298.0,16.3,684.0,54.41,121.0,54.48,78.0,16.1,10.0,16.11,173.0,24.32,10.0,24.33,195.0,68.76,1.0,68.99,21.0
2021-09-24 09:48:35.587536-04:00,32.82,1.0,32.85,61.0,17.53,381.0,17.54,1549.0,16.29,3298.0,16.3,684.0,54.41,121.0,54.48,78.0,16.1,10.0,16.11,173.0,24.32,83.0,24.34,167.0,68.76,1.0,68.99,21.0
2021-09-24 09:48:35.587536-04:00,32.82,1.0,32.85,61.0,17.53,381.0,17.54,1549.0,16.3,2587.0,16.31,2438.0,54.41,121.0,54.48,78.0,16.1,10.0,16.11,173.0,24.32,83.0,24.34,167.0,68.76,1.0,68.99,21.0
2021-09-24 09:48:35.587536-04:00,32.82,1.0,32.85,61.0,17.54,779.0,17.55,1259.0,16.3,2587.0,16.31,2438.0,54.41,121.0,54.48,78.0,16.1,10.0,16.11,173.0,24.32,83.0,24.34,167.0,68.76,1.0,68.99,21.0
2021-09-24 09:48:35.587536-04:00,32.82,1.0,32.85,61.0,17.54,779.0,17.55,1259.0,16.3,2587.0,16.31,2438.0,54.41,121.0,54.48,78.0,16.1,10.0,16.11,173.0,24.32,83.0,24.34,167.0,68.72,2.0,68.97,7.0
2021-09-24 09:48:48.603733-04:00,32.84,25.0,32.88,80.0,17.54,779.0,17.55,1259.0,16.3,2587.0,16.31,2438.0,54.38,37.0,54.45,121.0,16.1,10.0,16.11,173.0,24.32,83.0,24.34,167.0,68.72,2.0,68.97,7.0
2021-09-24 09:48:48.603733-04:00,32.84,25.0,32.88,80.0,17.54,779.0,17.55,1259.0,16.3,2587.0,16.31,2438.0,54.38,37.0,54.45,121.0,16.1,72.0,16.11,148.0,24.32,83.0,24.34,167.0,68.72,2.0,68.97,7.0
2021-09-24 09:48:48.603733-04:00,32.84,25.0,32.88,80.0,17.54,779.0,17.55,1259.0,16.3,2587.0,16.31,2438.0,54.38,37.0,54.45,121.0,16.1,72.0,16.11,148.0,24.32,83.0,24.34,167.0,68.72,1.0,68.95,26.0
2021-09-24 09:48:56.616311-04:00,32.84,25.0,32.88,80.0,17.54,779.0,17.55,1259.0,16.3,2587.0,16.31,2438.0,54.38,37.0,54.45,121.0,16.1,72.0,16.11,148.0,24.32,87.0,24.34,167.0,68.72,1.0,68.95,26.0
2021-09-24 09:48:56.616311-04:00,32.84,25.0,32.88,80.0,17.55,235.0,17.56,1835.0,16.3,2587.0,16.31,2438.0,54.38,37.0,54.45,121.0,16.1,72.0,16.11,148.0,24.32,87.0,24.34,167.0,68.72,1.0,68.95,26.0
2021-09-24 09:48:58.622947-04:00,32.85,72.0,32.89,13.0,17.55,235.0,17.56,1835.0,16.3,3379.0,16.31,1666.0,54.38,37.0,54.45,121.0,16.1,72.0,16.11,148.0,24.32,87.0,24.34,167.0,68.72,1.0,68.95,26.0
2021-09-24 09:48:58.622947-04:00,32.85,72.0,32.89,13.0,17.55,235.0,17.56,1835.0,16.3,3379.0,16.31,1666.0,54.36,79.0,54.43,128.0,16.1,72.0,16.11,148.0,24.32,87.0,24.34,167.0,68.72,1.0,68.95,26.0
2021-09-24 09:48:58.622947-04:00,32.85,72.0,32.89,13.0,17.55,235.0,17.56,1835.0,16.3,3379.0,16.31,1666.0,54.36,79.0,54.43,128.0,16.1,72.0,16.11,148.0,24.32,87.0,24.34,167.0,68.72,2.0,68.95,2.0
2021-09-24 09:49:00.619608-04:00,32.85,72.0,32.89,13.0,17.55,235.0,17.56,1835.0,16.3,3379.0,16.31,1666.0,54.42,158.0,54.5,1.0,16.1,72.0,16.11,148.0,24.32,87.0,24.34,167.0,68.72,2.0,68.95,2.0
2021-09-24 09:49:00.619608-04:00,32.85,72.0,32.89,13.0,17.53,94.0,17.54,2454.0,16.3,3379.0,16.31,1666.0,54.42,158.0,54.5,1.0,16.1,72.0,16.11,148.0,24.32,87.0,24.34,167.0,68.72,2.0,68.95,2.0
