time,bid1,bid_size1,ask1,ask_size1,bid2,bid_size2,ask2,ask_size2
2021-09-28 09:30:08.228362-04:00,18.29,807,18.31,593,52.06,18,52.14,90
2021-09-28 09:30:08.228362-04:00,18.29,807,18.31,593,52.06,18,52.14,90
2021-09-28 09:30:08.228362-04:00,18.29,807,18.31,593,52.06,18,52.14,90
2021-09-28 09:30:12.847010-04:00,18.29,807,18.31,593,52.06,1,52.13,90
2021-09-28 09:30:12.847010-04:00,18.3,814,18.31,28,52.06,1,52.13,90
2021-09-28 09:30:15.852976-04:00,18.3,814,18.31,28,52.06,1,52.13,90
2021-09-28 09:30:22.866223-04:00,18.3,814,18.31,28,52.06,1,52.13,90
2021-09-28 09:30:22.866223-04:00,18.3,698,18.31,314,52.06,1,52.13,90
2021-09-28 09:30:22.866223-04:00,18.3,698,18.31,314,52.06,1,52.13,90
2021-09-28 09:30:22.866223-04:00,18.3,698,18.31,314,52.04,90,52.13,90
2021-09-28 09:30:34.664680-04:00,18.3,698,18.31,314,52.04,90,52.13,90
2021-09-28 09:30:34.664680-04:00,18.3,504,18.31,220,52.04,90,52.13,90
2021-09-28 09:30:34.664680-04:00,18.3,504,18.31,220,52.04,90,52.13,90
2021-09-28 09:30:34.664680-04:00,18.3,504,18.31,220,52.05,1,52.12,36
2021-09-28 09:30:48.046901-04:00,18.3,504,18.31,220,52.05,1,52.12,36
2021-09-28 09:30:48.046901-04:00,18.3,967,18.32,473,52.05,1,52.12,36
2021-09-28 09:30:48.046901-04:00,18.3,967,18.32,473,52.05,1,52.12,36
2021-09-28 09:30:48.046901-04:00,18.3,967,18.32,473,52.05,1,52.12,36
2021-09-28 09:30:48.046901-04:00,18.3,967,18.32,473,52.05,1,52.12,36
2021-09-28 09:30:48.046901-04:00,18.31,1012,18.33,762,52.05,1,52.12,36
2021-09-28 09:30:48.046901-04:00,18.31,1012,18.33,762,52.01,37,52.1,72
2021-09-28 09:30:51.930519-04:00,18.31,1012,18.33,762,52.01,37,52.1,72
2021-09-28 09:30:51.930519-04:00,18.31,1012,18.33,762,52.01,37,52.1,72
2021-09-28 09:30:51.930519-04:00,18.31,1012,18.33,762,52.01,37,52.1,72
2021-09-28 09:30:51.930519-04:00,18.31,1012,18.33,762,52,56,52.08,72
2021-09-28 09:30:51.930519-04:00,18.31,804,18.33,717,52,56,52.08,72
2021-09-28 09:31:06.963324-04:00,18.31,804,18.33,717,52,56,52.08,72
2021-09-28 09:31:06.963324-04:00,18.31,804,18.33,717,52,56,52.08,72
2021-09-28 09:31:06.963324-04:00,18.31,804,18.33,717,52,38,52.08,36
2021-09-28 09:31:15.983209-04:00,18.31,804,18.33,717,52,38,52.08,36
2021-09-28 09:31:15.983209-04:00,18.32,132,18.33,731,52,38,52.08,36
2021-09-28 09:31:15.983209-04:00,18.32,132,18.33,731,52,38,52.08,36
2021-09-28 09:31:15.983209-04:00,18.32,132,18.33,731,52,38,52.08,36
2021-09-28 09:31:15.983209-04:00,18.32,132,18.33,731,52,38,52.08,36
2021-09-28 09:31:15.983209-04:00,18.31,795,18.32,608,52,38,52.08,36
2021-09-28 09:31:15.983209-04:00,18.31,795,18.32,608,52.02,92,52.1,90
2021-09-28 09:31:28.288311-04:00,18.31,795,18.32,608,52.02,92,52.1,90
2021-09-28 09:31:28.288311-04:00,18.31,795,18.32,608,52.04,1,52.12,90
2021-09-28 09:31:28.288311-04:00,18.31,795,18.32,608,52.04,1,52.12,90
2021-09-28 09:31:28.288311-04:00,18.31,795,18.32,608,52.04,1,52.12,90
2021-09-28 09:31:28.288311-04:00,18.3,691,18.31,4,52.04,1,52.12,90
2021-09-28 09:31:36.954142-04:00,18.3,691,18.31,4,52.04,1,52.12,90
2021-09-28 09:31:36.954142-04:00,18.3,691,18.31,4,52.04,1,52.12,90
2021-09-28 09:31:41.960755-04:00,18.3,691,18.31,4,52.04,1,52.12,90
2021-09-28 09:31:41.960755-04:00,18.3,691,18.31,4,52.04,1,52.12,90
2021-09-28 09:31:41.960755-04:00,18.3,691,18.31,4,52.04,1,52.12,90
2021-09-28 09:31:41.960755-04:00,18.31,725,18.32,626,52.04,1,52.12,90
2021-09-28 09:31:41.960755-04:00,18.31,725,18.32,626,52.02,18,52.1,90
2021-09-28 09:31:41.960755-04:00,18.31,725,18.32,626,52.02,18,52.1,90
2021-09-28 09:31:55.136530-04:00,18.31,725,18.32,626,52.02,18,52.1,90
2021-09-28 09:31:55.136530-04:00,18.31,725,18.32,626,52.03,2,52.11,72
2021-09-28 09:31:55.136530-04:00,18.31,725,18.32,626,52.03,2,52.11,72
2021-09-28 09:31:55.136530-04:00,18.3,1046,18.32,823,52.03,2,52.11,72
2021-09-28 09:31:55.136530-04:00,18.3,1046,18.32,823,52.03,38,52.11,72
2021-09-28 09:31:55.136530-04:00,18.3,1046,18.32,823,52.03,38,52.11,72
2021-09-28 09:31:55.136530-04:00,18.3,1046,18.32,823,52.03,38,52.11,72
2021-09-28 09:31:55.136530-04:00,18.3,1046,18.32,823,52.03,38,52.11,72
2021-09-28 09:31:55.136530-04:00,18.3,1046,18.32,823,52.03,38,52.11,72
2021-09-28 09:31:55.136530-04:00,18.3,1046,18.32,823,52.03,38,52.11,72
2021-09-28 09:31:55.136530-04:00,18.3,1046,18.32,823,52,90,52.09,90
2021-09-28 09:31:55.136530-04:00,18.3,1046,18.32,823,52,90,52.09,90
2021-09-28 09:31:55.136530-04:00,18.31,1037,18.33,702,52,90,52.09,90
2021-09-28 09:32:16.029669-04:00,18.31,1037,18.33,702,52,90,52.09,90
2021-09-28 09:32:16.029669-04:00,18.31,1037,18.33,702,52,90,52.09,90
2021-09-28 09:32:16.029669-04:00,18.31,1037,18.33,702,52,90,52.09,90
2021-09-28 09:32:16.029669-04:00,18.31,1037,18.33,702,52,72,52.08,90
2021-09-28 09:32:16.029669-04:00,18.31,1048,18.33,702,52,72,52.08,90
2021-09-28 09:32:22.115401-04:00,18.31,1048,18.33,702,52,72,52.08,90
2021-09-28 09:32:22.115401-04:00,18.31,1048,18.33,702,52,1,52.08,90
2021-09-28 09:32:22.115401-04:00,18.31,1048,18.33,702,52,1,52.08,90
2021-09-28 09:32:22.115401-04:00,18.32,80,18.33,627,52,1,52.08,90
2021-09-28 09:32:22.115401-04:00,18.32,80,18.33,627,52.03,91,52.12,90
2021-09-28 09:32:22.115401-04:00,18.3,1038,18.32,912,52.03,91,52.12,90
2021-09-28 09:32:22.115401-04:00,18.3,1038,18.32,912,52.03,91,52.12,90
2021-09-28 09:32:22.115401-04:00,18.3,1038,18.32,912,52.03,91,52.12,90
2021-09-28 09:32:22.115401-04:00,18.3,1038,18.32,912,52.03,91,52.12,90
2021-09-28 09:32:22.115401-04:00,18.3,1038,18.32,912,52.03,91,52.12,90
2021-09-28 09:32:48.928712-04:00,18.3,1038,18.32,912,52.03,91,52.12,90
2021-09-28 09:32:48.928712-04:00,18.3,1038,18.32,912,52.03,91,52.12,90
2021-09-28 09:32:48.928712-04:00,18.3,1038,18.32,912,52.03,91,52.12,90
2021-09-28 09:32:48.928712-04:00,18.3,1038,18.32,912,52.03,91,52.12,90
2021-09-28 09:32:54.859852-04:00,18.3,1038,18.32,912,52.03,91,52.12,90
2021-09-28 09:32:54.859852-04:00,18.3,1038,18.32,912,52.03,2,52.11,90
2021-09-28 09:32:54.859852-04:00,18.3,987,18.32,825,52.03,2,52.11,90
2021-09-28 09:32:54.859852-04:00,18.3,987,18.32,825,52.03,2,52.11,90
2021-09-28 09:32:54.859852-04:00,18.3,987,18.32,825,52.03,1,52.1,72
2021-09-28 09:32:58.869133-04:00,18.3,987,18.32,825,52.03,1,52.1,72
2021-09-28 09:32:58.869133-04:00,18.3,987,18.32,825,52.03,1,52.1,72
2021-09-28 09:32:58.869133-04:00,18.31,455,18.32,634,52.03,1,52.1,72
2021-09-28 09:32:58.869133-04:00,18.31,455,18.32,634,52.03,1,52.1,72
2021-09-28 09:32:58.869133-04:00,18.31,455,18.32,634,52.03,1,52.1,72
2021-09-28 09:32:58.869133-04:00,18.31,455,18.32,634,52.03,1,52.1,72
2021-09-28 09:32:58.869133-04:00,18.31,455,18.32,634,52.03,2,52.11,90
2021-09-28 09:32:58.869133-04:00,18.3,977,18.32,558,52.03,2,52.11,90
2021-09-28 09:32:58.869133-04:00,18.3,977,18.32,558,52.03,2,52.11,90
2021-09-28 09:33:15.634310-04:00,18.3,977,18.32,558,52.03,2,52.11,90
2021-09-28 09:33:15.634310-04:00,18.3,977,18.32,558,52.03,2,52.11,90
2021-09-28 09:33:15.634310-04:00,18.3,977,18.32,558,52.03,1,52.1,90
2021-09-28 09:33:15.634310-04:00,18.31,546,18.32,830,52.03,1,52.1,90
2021-09-28 09:33:28.983620-04:00,18.31,546,18.32,830,52.03,1,52.1,90
2021-09-28 09:33:28.983620-04:00,18.31,546,18.32,830,52.03,1,52.1,90
2021-09-28 09:33:28.983620-04:00,18.31,546,18.32,830,52,54,52.09,18
2021-09-28 09:33:28.983620-04:00,18.31,546,18.32,830,52,54,52.09,18
2021-09-28 09:33:28.983620-04:00,18.31,590,18.33,815,52,54,52.09,18
2021-09-28 09:33:28.983620-04:00,18.31,590,18.33,815,52,54,52.09,18
2021-09-28 09:33:32.941038-04:00,18.31,590,18.33,815,52,54,52.09,18
2021-09-28 09:33:32.941038-04:00,18.31,590,18.33,815,52,54,52.09,18
2021-09-28 09:33:32.941038-04:00,18.31,590,18.33,815,52,54,52.09,18
2021-09-28 09:33:32.941038-04:00,18.31,590,18.33,815,52,54,52.09,18
2021-09-28 09:33:32.941038-04:00,18.31,590,18.33,815,52,54,52.09,18
2021-09-28 09:33:45.967211-04:00,18.31,590,18.33,815,52,54,52.09,18
2021-09-28 09:33:45.967211-04:00,18.31,590,18.33,815,51.99,19,52.07,72
2021-09-28 09:33:45.967211-04:00,18.32,492,18.33,606,51.99,19,52.07,72
2021-09-28 09:33:45.967211-04:00,18.32,492,18.33,606,51.99,19,52.07,72
2021-09-28 09:33:45.967211-04:00,18.32,454,18.33,638,51.99,38,52.07,72
2021-09-28 09:33:55.837824-04:00,18.32,454,18.33,638,51.99,38,52.07,72
2021-09-28 09:33:55.837824-04:00,18.32,508,18.33,635,51.99,38,52.07,72
2021-09-28 09:33:55.837824-04:00,18.32,508,18.33,635,51.99,38,52.07,72
2021-09-28 09:33:55.837824-04:00,18.32,508,18.33,635,51.99,38,52.07,72
2021-09-28 09:34:14.029186-04:00,18.32,508,18.33,635,51.99,38,52.07,72
2021-09-28 09:34:14.029186-04:00,18.32,508,18.33,635,51.99,38,52.07,72
2021-09-28 09:34:14.029186-04:00,18.31,546,18.32,454,51.99,38,52.07,72
2021-09-28 09:34:14.029186-04:00,18.31,546,18.32,454,52.01,73,52.09,54
2021-09-28 09:34:14.029186-04:00,18.31,546,18.32,454,52.01,73,52.09,54
2021-09-28 09:34:14.029186-04:00,18.31,546,18.32,454,52.01,73,52.09,54
2021-09-28 09:34:14.029186-04:00,18.31,546,18.32,454,52.02,2,52.1,90
2021-09-28 09:34:14.029186-04:00,18.31,546,18.32,454,52.02,2,52.1,90
2021-09-28 09:34:26.055034-04:00,18.31,546,18.32,454,52.02,2,52.1,90
2021-09-28 09:34:26.055034-04:00,18.31,546,18.32,454,52.02,2,52.1,90
2021-09-28 09:34:26.055034-04:00,18.31,182,18.32,643,52.02,2,52.1,90
2021-09-28 09:34:26.055034-04:00,18.31,182,18.32,643,52.02,2,52.1,90
2021-09-28 09:34:26.055034-04:00,18.31,182,18.32,643,52.02,38,52.1,90
2021-09-28 09:34:26.055034-04:00,18.31,182,18.32,643,52.02,38,52.1,90
2021-09-28 09:34:26.055034-04:00,18.31,455,18.32,734,52.02,38,52.1,90
2021-09-28 09:34:26.055034-04:00,18.31,455,18.32,734,52.02,38,52.1,90
2021-09-28 09:34:26.055034-04:00,18.31,455,18.32,734,52.02,1,52.09,18
2021-09-28 09:34:40.084524-04:00,18.31,455,18.32,734,52.02,1,52.09,18
2021-09-28 09:34:40.084524-04:00,18.31,455,18.32,370,52.02,1,52.09,18
2021-09-28 09:34:40.084524-04:00,18.31,455,18.32,370,52.02,1,52.1,90
2021-09-28 09:34:52.861362-04:00,18.31,455,18.32,370,52.02,1,52.1,90
2021-09-28 09:34:52.861362-04:00,18.31,455,18.32,275,52.02,1,52.1,90
2021-09-28 09:34:52.861362-04:00,18.31,455,18.32,275,52.02,1,52.1,90
2021-09-28 09:34:52.861362-04:00,18.31,455,18.32,275,52,72,52.09,72
2021-09-28 09:34:52.861362-04:00,18.31,455,18.32,275,52,72,52.09,72
2021-09-28 09:34:52.861362-04:00,18.31,455,18.32,275,52,72,52.09,72
2021-09-28 09:35:03.884894-04:00,18.31,455,18.32,275,52,72,52.09,72
2021-09-28 09:35:03.884894-04:00,18.31,455,18.32,275,52,72,52.09,72
2021-09-28 09:35:03.884894-04:00,18.31,1021,18.32,16,52,72,52.09,72
2021-09-28 09:35:03.884894-04:00,18.31,1021,18.32,16,52,72,52.09,72
2021-09-28 09:35:03.884894-04:00,18.31,1021,18.32,16,52.01,92,52.09,72
2021-09-28 09:35:03.884894-04:00,18.31,455,18.32,561,52.01,92,52.09,72
2021-09-28 09:35:03.884894-04:00,18.31,455,18.32,561,52.01,92,52.09,72
2021-09-28 09:35:03.884894-04:00,18.31,455,18.32,561,52.01,38,52.09,18
2021-09-28 09:35:03.884894-04:00,18.31,455,18.32,561,52.01,38,52.09,18
2021-09-28 09:35:25.080225-04:00,18.31,455,18.32,561,52.01,38,52.09,18
2021-09-28 09:35:25.080225-04:00,18.31,455,18.32,180,52.01,38,52.09,18
2021-09-28 09:35:25.080225-04:00,18.31,455,18.32,180,52.01,38,52.1,90
2021-09-28 09:35:29.656987-04:00,18.31,455,18.32,180,52.01,38,52.1,90
2021-09-28 09:35:29.656987-04:00,18.31,455,18.32,180,52.01,38,52.1,90
2021-09-28 09:35:29.656987-04:00,18.31,747,18.32,180,52.01,38,52.1,90
2021-09-28 09:35:29.656987-04:00,18.31,747,18.32,180,52.01,38,52.1,90
2021-09-28 09:35:29.656987-04:00,18.31,747,18.32,180,52.01,74,52.08,18
2021-09-28 09:35:29.656987-04:00,18.31,747,18.32,180,52.01,74,52.08,18
2021-09-28 09:35:29.656987-04:00,18.31,982,18.32,137,52.01,74,52.08,18
2021-09-28 09:35:29.656987-04:00,18.31,982,18.32,137,52.01,74,52.08,18
2021-09-28 09:35:47.014581-04:00,18.31,982,18.32,137,52.01,74,52.08,18
2021-09-28 09:35:47.014581-04:00,18.31,982,18.32,137,52.01,74,52.08,18
2021-09-28 09:35:47.014581-04:00,18.31,982,18.32,137,52.01,74,52.08,18
2021-09-28 09:35:47.014581-04:00,18.31,982,18.32,137,52.01,74,52.08,18
2021-09-28 09:35:47.014581-04:00,18.31,982,18.32,137,52.01,74,52.08,18
2021-09-28 09:35:56.511192-04:00,18.31,982,18.32,137,52.03,19,52.11,36
2021-09-28 09:35:56.511192-04:00,18.31,982,18.32,137,52.03,19,52.11,36
2021-09-28 09:35:56.511192-04:00,18.3,662,18.31,11,52.03,19,52.11,36
2021-09-28 09:35:56.511192-04:00,18.3,662,18.31,11,52.03,19,52.11,36
2021-09-28 09:35:56.511192-04:00,18.3,662,18.31,11,52.03,19,52.11,36
2021-09-28 09:35:56.511192-04:00,18.3,662,18.31,11,52.02,38,52.1,90
2021-09-28 09:36:09.984170-04:00,18.31,546,18.32,458,52.02,38,52.1,90
2021-09-28 09:36:09.984170-04:00,18.31,546,18.32,458,52.02,38,52.1,90
2021-09-28 09:36:09.984170-04:00,18.31,546,18.32,458,52.02,1,52.09,90
2021-09-28 09:36:09.984170-04:00,18.31,1187,18.32,31,52.02,1,52.09,90
2021-09-28 09:36:09.984170-04:00,18.31,1187,18.32,31,52.02,1,52.09,90
2021-09-28 09:36:17.052272-04:00,18.31,1187,18.32,31,52.02,1,52.09,90
2021-09-28 09:36:17.052272-04:00,18.31,1187,18.32,31,52.02,1,52.09,90
2021-09-28 09:36:17.052272-04:00,18.31,1187,18.32,31,52.02,1,52.09,90
2021-09-28 09:36:23.323505-04:00,18.31,1187,18.32,31,52.02,1,52.09,90
2021-09-28 09:36:23.323505-04:00,18.31,1187,18.32,31,51.99,19,52.07,90
2021-09-28 09:36:23.323505-04:00,18.32,273,18.33,553,51.99,19,52.07,90
2021-09-28 09:36:23.323505-04:00,18.32,273,18.33,553,51.99,1,52.07,90
2021-09-28 09:36:23.323505-04:00,18.32,273,18.33,553,51.99,1,52.07,90
2021-09-28 09:36:36.708719-04:00,18.32,273,18.33,553,51.99,1,52.07,90
2021-09-28 09:36:36.708719-04:00,18.32,273,18.33,553,51.99,1,52.07,90
2021-09-28 09:36:36.708719-04:00,18.32,273,18.33,553,51.99,1,52.07,90
2021-09-28 09:36:36.708719-04:00,18.32,908,18.33,384,51.99,1,52.07,90
2021-09-28 09:36:36.708719-04:00,18.32,908,18.33,384,51.99,1,52.07,90
2021-09-28 09:36:36.708719-04:00,18.32,908,18.33,384,51.96,90,52.04,90
2021-09-28 09:36:50.141804-04:00,18.32,908,18.33,384,51.96,90,52.04,90
2021-09-28 09:36:50.141804-04:00,18.33,144,18.33,1,51.96,90,52.04,90
2021-09-28 09:36:50.141804-04:00,18.33,144,18.33,1,51.96,90,52.04,90
2021-09-28 09:36:50.141804-04:00,18.33,144,18.33,1,51.96,90,52.04,90
2021-09-28 09:36:50.141804-04:00,18.33,77,18.33,1,51.96,90,52.04,90
2021-09-28 09:36:50.141804-04:00,18.33,77,18.33,1,51.96,90,52.04,90
2021-09-28 09:36:50.141804-04:00,18.33,77,18.33,1,51.96,36,52.04,90
2021-09-28 09:36:50.141804-04:00,18.33,77,18.33,1,51.96,36,52.04,90
2021-09-28 09:36:50.141804-04:00,18.32,869,18.33,1,51.96,36,52.04,90
2021-09-28 09:37:06.899000-04:00,18.32,869,18.33,1,51.96,36,52.04,90
2021-09-28 09:37:06.899000-04:00,18.32,869,18.33,1,51.96,36,52.04,90
2021-09-28 09:37:06.899000-04:00,18.32,869,18.33,1,51.95,90,52.03,72
2021-09-28 09:37:17.075792-04:00,18.32,869,18.33,1,51.95,90,52.03,72
2021-09-28 09:37:17.075792-04:00,18.33,838,18.34,409,51.95,90,52.03,72
2021-09-28 09:37:17.075792-04:00,18.33,838,18.34,409,51.95,90,52.03,72
2021-09-28 09:37:17.075792-04:00,18.33,838,18.34,409,51.95,90,52.03,72
2021-09-28 09:37:17.075792-04:00,18.33,838,18.34,409,51.98,90,52.06,18
2021-09-28 09:37:17.075792-04:00,18.33,838,18.34,409,51.98,90,52.06,18
2021-09-28 09:37:17.075792-04:00,18.32,534,18.33,479,51.98,90,52.06,18
2021-09-28 09:37:25.932113-04:00,18.32,534,18.33,479,51.98,90,52.06,18
2021-09-28 09:37:25.932113-04:00,18.32,534,18.33,479,51.98,90,52.06,18
2021-09-28 09:37:25.932113-04:00,18.32,534,18.33,479,51.97,72,52.06,90
2021-09-28 09:37:32.016845-04:00,18.32,534,18.33,479,51.97,72,52.06,90
2021-09-28 09:37:32.016845-04:00,18.32,534,18.33,479,51.97,72,52.06,90
2021-09-28 09:37:32.016845-04:00,18.32,534,18.33,479,51.97,72,52.06,90
2021-09-28 09:37:32.016845-04:00,18.32,793,18.34,711,51.97,72,52.06,90
2021-09-28 09:37:32.016845-04:00,18.32,793,18.34,711,51.97,72,52.06,90
2021-09-28 09:37:32.016845-04:00,18.32,870,18.33,1,51.98,18,52.06,90
2021-09-28 09:37:32.016845-04:00,18.32,870,18.33,1,51.98,18,52.06,90
2021-09-28 09:37:57.555567-04:00,18.33,367,18.34,521,51.97,36,52.05,72
2021-09-28 09:37:57.555567-04:00,18.33,367,18.34,521,51.97,36,52.05,72
2021-09-28 09:37:57.555567-04:00,18.33,367,18.34,521,51.97,36,52.05,72
2021-09-28 09:37:57.555567-04:00,18.32,662,18.34,708,51.97,36,52.05,72
2021-09-28 09:37:57.555567-04:00,18.32,662,18.34,708,51.97,18,52.05,72
2021-09-28 09:38:06.954437-04:00,18.32,662,18.34,708,51.97,18,52.05,72
2021-09-28 09:38:06.954437-04:00,18.32,662,18.34,708,51.97,18,52.05,72
2021-09-28 09:38:16.975643-04:00,18.32,662,18.34,708,51.97,18,52.05,72
2021-09-28 09:38:16.975643-04:00,18.32,662,18.34,708,51.96,90,52.04,90
2021-09-28 09:38:16.975643-04:00,18.32,662,18.34,708,51.96,90,52.04,90
2021-09-28 09:38:16.975643-04:00,18.33,497,18.34,545,51.96,90,52.04,90
2021-09-28 09:38:18.980283-04:00,18.33,497,18.34,545,51.96,90,52.04,90
2021-09-28 09:38:18.980283-04:00,18.33,497,18.34,545,51.95,18,52.03,90
2021-09-28 09:38:18.980283-04:00,18.33,497,18.34,545,51.95,18,52.03,90
2021-09-28 09:38:18.980283-04:00,18.33,497,18.34,545,51.95,18,52.03,90
2021-09-28 09:38:18.980283-04:00,18.33,905,18.34,387,51.95,18,52.03,90
2021-09-28 09:38:37.590529-04:00,18.33,905,18.34,387,51.94,90,52.02,90
2021-09-28 09:38:37.590529-04:00,18.33,770,18.35,705,51.94,90,52.02,90
2021-09-28 09:38:37.590529-04:00,18.33,770,18.35,705,51.94,90,52.02,90
2021-09-28 09:38:37.590529-04:00,18.33,770,18.35,705,51.94,90,52.02,90
2021-09-28 09:38:37.590529-04:00,18.33,770,18.35,705,51.94,90,52.02,90
2021-09-28 09:38:37.590529-04:00,18.33,770,18.35,705,51.95,90,52.04,90
2021-09-28 09:38:46.050966-04:00,18.33,770,18.35,705,51.95,90,52.04,90
2021-09-28 09:38:46.050966-04:00,18.33,770,18.35,705,51.95,90,52.04,90
2021-09-28 09:38:46.050966-04:00,18.33,829,18.34,635,51.95,90,52.04,90
2021-09-28 09:38:51.029597-04:00,18.33,1123,18.35,645,51.94,90,52.02,18
2021-09-28 09:38:51.029597-04:00,18.33,1123,18.35,645,51.94,90,52.02,18
2021-09-28 09:38:51.029597-04:00,18.33,1123,18.35,645,51.94,90,52.02,18
2021-09-28 09:39:04.433760-04:00,18.33,1123,18.35,645,51.94,90,52.02,18
2021-09-28 09:39:04.433760-04:00,18.33,1123,18.35,645,51.94,90,52.02,18
2021-09-28 09:39:05.856953-04:00,18.33,1123,18.35,645,51.94,90,52.02,18
2021-09-28 09:39:05.856953-04:00,18.33,1123,18.35,645,51.94,90,52.02,18
2021-09-28 09:39:05.856953-04:00,18.34,933,18.35,16,51.94,90,52.02,18
2021-09-28 09:39:05.856953-04:00,18.34,933,18.35,16,51.91,90,52,90
2021-09-28 09:39:05.856953-04:00,18.34,933,18.35,16,51.91,90,52,90
2021-09-28 09:39:09.862247-04:00,18.34,933,18.35,16,51.91,90,52,90
2021-09-28 09:39:09.862247-04:00,18.34,933,18.35,16,51.9,90,51.98,72
2021-09-28 09:39:09.862247-04:00,18.34,933,18.35,16,51.9,90,51.98,72
2021-09-28 09:39:09.862247-04:00,18.34,933,18.35,16,51.9,90,51.98,72
2021-09-28 09:39:17.850888-04:00,18.35,342,18.36,611,51.9,90,51.98,72
2021-09-28 09:39:17.850888-04:00,18.35,342,18.36,611,51.9,90,51.98,72
2021-09-28 09:39:22.856503-04:00,18.35,342,18.36,611,51.9,90,51.98,72
2021-09-28 09:39:22.856503-04:00,18.35,342,18.36,611,51.9,90,51.98,72
2021-09-28 09:39:22.856503-04:00,18.35,342,18.36,611,51.91,90,51.99,18
2021-09-28 09:39:22.856503-04:00,18.34,1188,18.35,294,51.91,90,51.99,18
2021-09-28 09:39:22.856503-04:00,18.34,1188,18.35,294,51.91,90,51.99,18
2021-09-28 09:39:22.856503-04:00,18.34,1188,18.35,294,51.91,90,51.99,18
2021-09-28 09:39:22.856503-04:00,18.34,1188,18.35,294,51.91,90,51.99,18
2021-09-28 09:39:35.883674-04:00,18.34,1188,18.35,294,51.91,90,51.99,18
2021-09-28 09:39:35.883674-04:00,18.33,820,18.35,877,51.91,90,51.99,18
2021-09-28 09:39:35.883674-04:00,18.33,820,18.35,877,51.94,18,52.02,90
2021-09-28 09:39:35.883674-04:00,18.33,820,18.35,877,51.94,18,52.02,90
2021-09-28 09:39:35.883674-04:00,18.33,820,18.35,877,51.94,18,52.02,90
2021-09-28 09:39:35.883674-04:00,18.33,820,18.35,877,51.94,18,52.02,90
2021-09-28 09:39:35.883674-04:00,18.33,1040,18.35,666,51.94,18,52.02,90
2021-09-28 09:39:35.883674-04:00,18.33,1040,18.35,666,51.94,90,52.02,18
2021-09-28 09:39:44.670183-04:00,18.33,1040,18.35,666,51.94,90,52.02,18
2021-09-28 09:39:44.670183-04:00,18.33,1040,18.35,666,51.94,90,52.02,18
2021-09-28 09:39:52.007566-04:00,18.33,1040,18.35,666,51.94,90,52.02,18
2021-09-28 09:39:52.007566-04:00,18.33,1040,18.35,666,51.94,90,52.02,18
2021-09-28 09:39:52.007566-04:00,18.33,1040,18.35,666,51.94,18,52.02,90
2021-09-28 09:39:52.007566-04:00,18.34,2,18.35,657,51.94,18,52.02,90
2021-09-28 09:39:52.007566-04:00,18.34,908,18.35,321,51.94,18,52.02,90
2021-09-28 09:39:52.007566-04:00,18.34,908,18.35,321,51.94,18,52.02,90
2021-09-28 09:39:52.007566-04:00,18.34,908,18.35,321,51.88,90,51.99,72
2021-09-28 09:39:52.007566-04:00,18.34,908,18.35,321,51.88,90,51.99,72
2021-09-28 09:40:06.959590-04:00,18.34,908,18.35,321,51.88,90,51.99,72
2021-09-28 09:40:06.959590-04:00,18.34,908,18.35,321,51.88,90,51.99,72
2021-09-28 09:40:06.959590-04:00,18.34,908,18.35,321,51.88,90,51.99,72
2021-09-28 09:40:06.959590-04:00,18.34,908,18.35,321,51.88,90,51.99,72
2021-09-28 09:40:06.959590-04:00,18.34,610,18.35,2,51.88,90,51.99,72
2021-09-28 09:40:06.959590-04:00,18.34,610,18.35,2,51.93,90,51.99,72
2021-09-28 09:40:13.972839-04:00,18.34,610,18.35,2,51.93,90,51.99,72
2021-09-28 09:40:18.982445-04:00,18.34,610,18.35,2,51.93,90,51.99,72
2021-09-28 09:40:18.982445-04:00,18.34,610,18.35,2,51.92,90,51.97,60
2021-09-28 09:40:18.982445-04:00,18.34,610,18.35,2,51.92,90,51.97,60
2021-09-28 09:40:18.982445-04:00,18.35,61,18.36,668,51.92,90,51.97,60
2021-09-28 09:40:18.982445-04:00,18.35,299,18.36,684,51.92,90,51.97,60
2021-09-28 09:40:18.982445-04:00,18.35,299,18.36,684,51.92,90,51.97,102
2021-09-28 09:40:18.982445-04:00,18.35,299,18.36,684,51.92,90,51.97,102
2021-09-28 09:40:38.441419-04:00,18.35,299,18.36,684,51.92,90,51.97,102
2021-09-28 09:40:38.441419-04:00,18.35,299,18.36,684,51.91,54,51.97,102
2021-09-28 09:40:45.873549-04:00,18.35,299,18.36,684,51.91,54,51.97,102
2021-09-28 09:40:45.873549-04:00,18.35,544,18.36,396,51.91,54,51.97,102
2021-09-28 09:40:45.873549-04:00,18.35,544,18.36,396,51.91,54,51.97,102
2021-09-28 09:40:45.873549-04:00,18.35,544,18.36,396,51.91,54,51.97,102
2021-09-28 09:40:45.873549-04:00,18.35,544,18.36,396,51.91,54,51.97,102
2021-09-28 09:40:45.873549-04:00,18.35,544,18.36,396,51.91,54,51.97,102
2021-09-28 09:40:45.873549-04:00,18.34,1007,18.35,98,51.91,54,51.97,102
2021-09-28 09:40:56.046352-04:00,18.34,1007,18.35,98,51.93,90,51.98,66
2021-09-28 09:40:56.046352-04:00,18.34,1007,18.35,98,51.93,90,51.98,66
2021-09-28 09:41:06.066561-04:00,18.34,1007,18.35,98,51.93,90,51.98,66
2021-09-28 09:41:06.066561-04:00,18.34,1007,18.35,98,51.93,90,51.98,66
2021-09-28 09:41:06.066561-04:00,18.34,368,18.35,464,51.93,90,51.98,66
2021-09-28 09:41:06.066561-04:00,18.34,368,18.35,464,51.95,90,51.99,20
2021-09-28 09:41:06.066561-04:00,18.34,368,18.35,464,51.95,90,51.99,20
2021-09-28 09:41:06.066561-04:00,18.34,368,18.35,464,51.95,90,51.99,20
2021-09-28 09:41:06.066561-04:00,18.33,992,18.34,110,51.95,90,51.99,20
2021-09-28 09:41:06.066561-04:00,18.33,992,18.34,110,51.96,90,52.01,90
2021-09-28 09:41:18.813482-04:00,18.33,992,18.34,110,51.96,90,52.01,90
2021-09-28 09:41:18.813482-04:00,18.33,992,18.34,110,51.96,90,52.01,90
2021-09-28 09:41:18.813482-04:00,18.33,992,18.34,110,51.96,90,52.01,90
2021-09-28 09:41:18.813482-04:00,18.33,992,18.34,110,51.96,90,52.01,90
2021-09-28 09:41:18.813482-04:00,18.33,967,18.34,208,51.96,90,52.01,90
2021-09-28 09:41:18.813482-04:00,18.33,967,18.34,208,51.96,90,52.01,90
2021-09-28 09:41:33.874215-04:00,18.33,967,18.34,208,51.96,90,52.01,90
2021-09-28 09:41:33.874215-04:00,18.33,967,18.34,208,51.95,90,52,90
2021-09-28 09:41:33.874215-04:00,18.33,967,18.34,208,51.95,90,52,90
2021-09-28 09:41:33.874215-04:00,18.33,1415,18.34,2,51.95,90,52,90
2021-09-28 09:41:33.874215-04:00,18.33,1415,18.34,2,51.95,90,52,90
2021-09-28 09:41:33.874215-04:00,18.33,1415,18.34,2,51.95,90,52,90
2021-09-28 09:41:33.874215-04:00,18.33,1415,18.34,2,51.95,90,52,90
2021-09-28 09:41:45.960899-04:00,18.33,1415,18.34,2,51.96,78,52.01,36
2021-09-28 09:41:45.960899-04:00,18.33,1151,18.34,11,51.96,78,52.01,36
2021-09-28 09:41:45.960899-04:00,18.33,1151,18.34,11,51.96,78,52.01,36
2021-09-28 09:41:45.960899-04:00,18.33,1151,18.34,11,51.96,78,52.01,36
2021-09-28 09:41:45.960899-04:00,18.33,1151,18.34,11,51.96,78,52.01,36
2021-09-28 09:41:55.012698-04:00,18.33,1151,18.34,11,51.96,78,52.01,36
2021-09-28 09:41:55.012698-04:00,18.33,1151,18.34,11,51.95,90,52.01,90
2021-09-28 09:41:55.012698-04:00,18.33,1112,18.34,2,51.95,90,52.01,90
2021-09-28 09:41:55.012698-04:00,18.33,1112,18.34,2,51.95,90,52.01,90
2021-09-28 09:41:55.012698-04:00,18.33,1112,18.34,2,51.95,90,52.01,90
2021-09-28 09:41:55.012698-04:00,18.33,1051,18.34,72,51.95,90,52.01,90
2021-09-28 09:41:55.012698-04:00,18.33,1051,18.34,72,51.95,90,52.01,90
2021-09-28 09:42:07.037549-04:00,18.33,1051,18.34,72,51.95,90,52.01,90
2021-09-28 09:42:07.037549-04:00,18.33,1051,18.34,72,51.96,116,52.01,90
2021-09-28 09:42:07.037549-04:00,18.33,1051,18.34,72,51.96,116,52.01,90
2021-09-28 09:42:17.056761-04:00,18.33,1046,18.34,13,51.96,116,52.01,90
2021-09-28 09:42:17.056761-04:00,18.33,1046,18.34,13,51.96,94,52.01,90
2021-09-28 09:42:17.056761-04:00,18.33,1046,18.34,13,51.96,94,52.01,90
2021-09-28 09:42:25.904108-04:00,18.33,1046,18.34,13,51.96,90,52.01,18
2021-09-28 09:42:25.904108-04:00,18.33,1100,18.34,272,51.96,90,52.01,18
2021-09-28 09:42:25.904108-04:00,18.33,1100,18.34,272,51.96,90,52.01,18
2021-09-28 09:42:39.291317-04:00,18.33,1100,18.34,272,51.96,90,52.01,18
2021-09-28 09:42:39.291317-04:00,18.33,1100,18.34,272,51.96,90,52.01,18
2021-09-28 09:42:39.291317-04:00,18.33,1044,18.34,230,51.96,90,52.01,18
2021-09-28 09:42:39.291317-04:00,18.33,1044,18.34,230,51.96,90,52.01,18
2021-09-28 09:42:39.291317-04:00,18.33,1044,18.34,230,51.96,90,52.01,18
2021-09-28 09:42:39.291317-04:00,18.33,1044,18.34,230,51.97,54,52.01,36
2021-09-28 09:42:39.291317-04:00,18.33,1044,18.34,230,51.97,54,52.01,36
2021-09-28 09:42:39.291317-04:00,18.33,1044,18.34,230,51.97,54,52.01,36
2021-09-28 09:42:39.291317-04:00,18.33,1044,18.34,230,51.97,54,52.01,36
2021-09-28 09:42:39.291317-04:00,18.33,1060,18.34,36,51.97,54,52.01,36
2021-09-28 09:42:39.291317-04:00,18.33,1060,18.34,36,51.96,90,52.01,36
2021-09-28 09:42:39.291317-04:00,18.33,1060,18.34,36,51.96,90,52.01,36
2021-09-28 09:42:39.291317-04:00,18.33,1157,18.34,14,51.96,90,52.01,36
2021-09-28 09:42:54.886621-04:00,18.33,1157,18.34,14,51.96,90,52.01,36
2021-09-28 09:42:54.886621-04:00,18.33,1157,18.34,14,51.96,90,52.01,36
2021-09-28 09:42:54.886621-04:00,18.33,1157,18.34,14,51.93,18,52,90
2021-09-28 09:42:54.886621-04:00,18.33,1157,18.34,14,51.93,18,52,90
2021-09-28 09:42:54.886621-04:00,18.33,1157,18.34,14,51.93,18,52,90
2021-09-28 09:42:54.886621-04:00,18.33,1157,18.34,14,51.93,18,52,90
2021-09-28 09:42:59.896225-04:00,18.33,1157,18.34,14,51.93,18,52,90
2021-09-28 09:42:59.896225-04:00,18.33,1096,18.34,244,51.93,18,52,90
2021-09-28 09:42:59.896225-04:00,18.33,1096,18.34,244,51.96,76,52.02,90
2021-09-28 09:42:59.896225-04:00,18.33,1096,18.34,244,51.96,76,52.02,90
2021-09-28 09:42:59.896225-04:00,18.33,1096,18.34,244,51.96,76,52.02,90
2021-09-28 09:43:19.443964-04:00,18.33,1164,18.34,127,51.96,94,52.01,90
2021-09-28 09:43:19.443964-04:00,18.33,1164,18.34,127,51.96,94,52.01,90
2021-09-28 09:43:19.443964-04:00,18.33,1164,18.34,127,51.96,94,52.01,90
2021-09-28 09:43:19.443964-04:00,18.33,1164,18.34,127,51.96,94,52.01,90
2021-09-28 09:43:27.031677-04:00,18.33,1164,18.34,127,51.96,94,52.01,90
2021-09-28 09:43:27.031677-04:00,18.33,1115,18.34,114,51.96,94,52.01,90
2021-09-28 09:43:27.031677-04:00,18.33,1115,18.34,114,51.94,54,52,90
2021-09-28 09:43:35.047247-04:00,18.33,1115,18.34,114,51.94,54,52,90
2021-09-28 09:43:35.047247-04:00,18.33,1109,18.34,114,51.94,54,52,90
2021-09-28 09:43:35.047247-04:00,18.33,1109,18.34,114,51.94,54,52,90
2021-09-28 09:43:35.047247-04:00,18.33,1109,18.34,114,51.95,100,52,90
2021-09-28 09:43:35.047247-04:00,18.33,1109,18.34,114,51.95,100,52,90
2021-09-28 09:43:35.047247-04:00,18.33,1109,18.34,114,51.95,100,52,90
2021-09-28 09:43:35.047247-04:00,18.33,1109,18.34,114,51.95,100,52,90
2021-09-28 09:43:35.047247-04:00,18.33,1109,18.34,114,51.95,100,52,90
2021-09-28 09:43:35.047247-04:00,18.33,1109,18.34,114,51.95,100,52,90
2021-09-28 09:43:46.215390-04:00,18.33,1109,18.34,114,51.95,100,52,90
2021-09-28 09:43:46.215390-04:00,18.33,1109,18.34,114,51.96,18,52,90
2021-09-28 09:43:46.215390-04:00,18.33,1109,18.34,114,51.96,18,52,90
2021-09-28 09:43:46.215390-04:00,18.33,1109,18.34,114,51.96,18,52,90
2021-09-28 09:43:46.215390-04:00,18.33,1116,18.34,118,51.96,18,52,90
2021-09-28 09:43:46.215390-04:00,18.33,1116,18.34,118,51.96,18,52,90
2021-09-28 09:43:46.215390-04:00,18.33,1116,18.34,118,51.96,18,52,90
2021-09-28 09:43:46.215390-04:00,18.33,1116,18.34,118,51.96,18,52,90
2021-09-28 09:43:46.215390-04:00,18.33,1116,18.34,118,51.96,18,52,90
2021-09-28 09:43:46.215390-04:00,18.34,103,18.35,618,51.96,18,52,90
2021-09-28 09:43:59.612569-04:00,18.34,103,18.35,618,51.94,32,51.99,72
2021-09-28 09:43:59.612569-04:00,18.34,103,18.35,618,51.94,32,51.99,72
2021-09-28 09:43:59.612569-04:00,18.34,103,18.35,618,51.94,32,51.99,72
2021-09-28 09:44:06.868173-04:00,18.34,63,18.35,928,51.94,32,51.99,72
2021-09-28 09:44:06.868173-04:00,18.34,63,18.35,928,51.95,18,52.07,18
2021-09-28 09:44:06.868173-04:00,18.34,63,18.35,928,51.95,18,52.07,18
2021-09-28 09:44:06.868173-04:00,18.34,33,18.35,933,51.95,18,52.07,18
2021-09-28 09:44:13.018725-04:00,18.34,33,18.35,933,51.95,18,52.07,18
2021-09-28 09:44:13.018725-04:00,18.34,33,18.35,933,51.95,18,52.07,18
2021-09-28 09:44:13.018725-04:00,18.34,33,18.35,933,51.95,18,52.07,18
2021-09-28 09:44:13.018725-04:00,18.34,33,18.35,933,51.95,18,52.07,18
2021-09-28 09:44:26.355069-04:00,18.34,33,18.35,933,51.95,108,52.02,23
2021-09-28 09:44:26.355069-04:00,18.34,138,18.35,929,51.95,108,52.02,23
2021-09-28 09:44:26.355069-04:00,18.34,138,18.35,929,51.95,108,52.02,23
2021-09-28 09:44:31.916201-04:00,18.34,138,18.35,929,51.95,108,52.02,23
2021-09-28 09:44:31.916201-04:00,18.34,138,18.35,929,51.95,18,52,36
2021-09-28 09:44:31.916201-04:00,18.34,202,18.35,902,51.95,18,52,36
2021-09-28 09:44:41.868593-04:00,18.34,202,18.35,902,51.95,18,52,36
2021-09-28 09:44:41.868593-04:00,18.34,202,18.35,902,51.95,18,52,36
2021-09-28 09:44:41.868593-04:00,18.34,202,18.35,902,51.94,110,51.99,6
2021-09-28 09:44:41.868593-04:00,18.34,202,18.35,902,51.94,110,51.99,6
2021-09-28 09:44:41.868593-04:00,18.34,202,18.35,902,51.94,110,51.99,6
2021-09-28 09:44:41.868593-04:00,18.34,191,18.35,906,51.94,110,51.99,6
2021-09-28 09:44:41.868593-04:00,18.34,191,18.35,906,51.94,110,51.99,6
2021-09-28 09:44:41.868593-04:00,18.34,191,18.35,906,51.94,110,51.99,6
2021-09-28 09:44:41.868593-04:00,18.34,191,18.35,906,51.94,110,51.99,6
2021-09-28 09:44:56.919353-04:00,18.34,191,18.35,906,51.94,110,51.99,6
2021-09-28 09:44:56.919353-04:00,18.34,212,18.35,813,51.94,110,51.99,6
2021-09-28 09:44:56.919353-04:00,18.34,212,18.35,813,51.94,110,51.99,6
2021-09-28 09:44:56.919353-04:00,18.34,212,18.35,813,51.94,64,52,72
2021-09-28 09:44:58.009441-04:00,18.34,212,18.35,813,51.94,64,52,72
2021-09-28 09:44:58.009441-04:00,18.34,212,18.35,813,51.94,64,52,72
2021-09-28 09:45:07.007380-04:00,18.34,212,18.35,813,51.94,64,52,72
2021-09-28 09:45:07.007380-04:00,18.34,212,18.35,813,51.94,64,52,72
2021-09-28 09:45:07.007380-04:00,18.35,140,18.36,1126,51.94,64,52,72
2021-09-28 09:45:07.007380-04:00,18.35,140,18.36,1126,51.94,64,52,72
2021-09-28 09:45:07.007380-04:00,18.35,140,18.36,1126,51.92,4,51.97,73
2021-09-28 09:45:07.007380-04:00,18.35,140,18.36,1126,51.92,4,51.97,73
2021-09-28 09:45:07.007380-04:00,18.35,140,18.36,1126,51.92,4,51.97,73
2021-09-28 09:45:20.010617-04:00,18.35,140,18.36,1126,51.92,4,51.97,73
2021-09-28 09:45:20.010617-04:00,18.34,1414,18.35,568,51.92,4,51.97,73
2021-09-28 09:45:20.010617-04:00,18.34,1414,18.35,568,51.94,36,51.98,47
2021-09-28 09:45:20.010617-04:00,18.34,1414,18.35,568,51.94,36,51.98,47
2021-09-28 09:45:23.990976-04:00,18.34,1414,18.35,568,51.94,36,51.98,47
2021-09-28 09:45:23.990976-04:00,18.34,1414,18.35,568,51.94,36,51.98,47
2021-09-28 09:45:23.990976-04:00,18.34,1414,18.35,568,51.93,92,51.98,55
2021-09-28 09:45:23.990976-04:00,18.34,2017,18.35,289,51.93,92,51.98,55
2021-09-28 09:45:37.015159-04:00,18.34,2017,18.35,289,51.93,92,51.98,55
2021-09-28 09:45:37.015159-04:00,18.34,2017,18.35,289,51.93,92,51.98,55
2021-09-28 09:45:37.015159-04:00,18.34,1941,18.35,678,51.93,92,51.98,55
2021-09-28 09:45:37.015159-04:00,18.34,1941,18.35,678,51.93,92,51.98,55
2021-09-28 09:45:37.015159-04:00,18.34,1941,18.35,678,51.93,92,51.98,55
2021-09-28 09:45:37.015159-04:00,18.34,1941,18.35,678,51.93,130,51.98,127
2021-09-28 09:45:46.757107-04:00,18.34,1941,18.35,678,51.93,130,51.98,127
2021-09-28 09:45:46.757107-04:00,18.34,906,18.35,694,51.93,130,51.98,127
2021-09-28 09:45:46.757107-04:00,18.34,906,18.35,694,51.93,130,51.98,127
2021-09-28 09:45:46.757107-04:00,18.34,906,18.35,694,51.93,175,51.99,145
2021-09-28 09:45:46.757107-04:00,18.34,906,18.35,694,51.93,175,51.99,145
2021-09-28 09:45:46.757107-04:00,18.34,906,18.35,694,51.93,175,51.99,145
2021-09-28 09:45:55.047940-04:00,18.34,906,18.35,694,51.93,175,51.99,145
2021-09-28 09:45:55.047940-04:00,18.34,906,18.35,694,51.93,175,51.99,145
2021-09-28 09:45:55.047940-04:00,18.34,906,18.35,694,51.92,108,51.97,19
2021-09-28 09:45:55.047940-04:00,18.34,906,18.35,694,51.92,108,51.97,19
2021-09-28 09:45:55.047940-04:00,18.34,906,18.35,694,51.92,108,51.97,19
2021-09-28 09:45:55.047940-04:00,18.34,2321,18.35,79,51.92,108,51.97,19
2021-09-28 09:45:55.047940-04:00,18.34,2321,18.35,79,51.92,108,51.97,19
2021-09-28 09:46:07.069798-04:00,18.34,2321,18.35,79,51.92,108,51.97,19
2021-09-28 09:46:07.069798-04:00,18.34,1104,18.35,702,51.92,108,51.97,19
2021-09-28 09:46:07.069798-04:00,18.34,1104,18.35,702,51.93,131,51.99,66
2021-09-28 09:46:07.069798-04:00,18.34,1104,18.35,702,51.93,131,51.99,66
2021-09-28 09:46:10.077756-04:00,18.34,1104,18.35,702,51.93,131,51.99,66
2021-09-28 09:46:10.077756-04:00,18.34,1104,18.35,702,51.93,131,51.99,66
2021-09-28 09:46:10.077756-04:00,18.34,1104,18.35,702,51.93,131,51.99,66
2021-09-28 09:46:10.077756-04:00,18.34,1104,18.35,702,51.93,131,51.99,66
2021-09-28 09:46:17.090010-04:00,18.34,1104,18.35,702,51.93,131,51.99,66
2021-09-28 09:46:17.090010-04:00,18.34,2233,18.35,214,51.93,131,51.99,66
2021-09-28 09:46:17.090010-04:00,18.34,2233,18.35,214,51.92,98,51.98,8
2021-09-28 09:46:26.994526-04:00,18.34,2233,18.35,214,51.92,98,51.98,8
2021-09-28 09:46:26.994526-04:00,18.34,2333,18.35,233,51.92,98,51.98,8
2021-09-28 09:46:26.994526-04:00,18.34,2333,18.35,233,51.92,98,51.98,8
2021-09-28 09:46:26.994526-04:00,18.34,2333,18.35,233,51.93,55,51.98,63
2021-09-28 09:46:26.994526-04:00,18.34,2333,18.35,233,51.93,55,51.98,63
2021-09-28 09:46:26.994526-04:00,18.34,2333,18.35,233,51.93,55,51.98,63
2021-09-28 09:46:26.994526-04:00,18.34,2333,18.35,233,51.93,55,51.98,63
2021-09-28 09:46:26.994526-04:00,18.34,2333,18.35,233,51.93,55,51.98,63
2021-09-28 09:46:26.994526-04:00,18.34,2333,18.35,233,51.93,55,51.98,63
2021-09-28 09:46:40.226152-04:00,18.35,182,18.36,1759,51.92,132,51.97,120
2021-09-28 09:46:40.226152-04:00,18.35,182,18.36,1759,51.92,132,51.97,120
2021-09-28 09:46:40.229146-04:00,18.35,182,18.36,1759,51.92,132,51.97,120
2021-09-28 09:46:40.229146-04:00,18.35,182,18.36,1759,51.92,132,51.97,120
2021-09-28 09:46:47.034948-04:00,18.35,182,18.36,1759,51.92,132,51.97,120
2021-09-28 09:46:47.034948-04:00,18.34,1547,18.35,613,51.92,132,51.97,120
2021-09-28 09:46:47.034948-04:00,18.34,1547,18.35,613,51.92,132,51.97,120
2021-09-28 09:46:47.034948-04:00,18.34,1547,18.35,613,51.93,21,51.98,8
2021-09-28 09:46:47.034948-04:00,18.34,1547,18.35,613,51.93,21,51.98,8
2021-09-28 09:46:50.039915-04:00,18.34,1547,18.35,613,51.93,21,51.98,8
2021-09-28 09:46:50.039915-04:00,18.34,1547,18.35,613,51.93,21,51.98,8
2021-09-28 09:46:57.055158-04:00,18.34,1547,18.35,613,51.93,21,51.98,8
2021-09-28 09:46:57.055158-04:00,18.35,128,18.36,1956,51.93,21,51.98,8
2021-09-28 09:46:57.055158-04:00,18.35,128,18.36,1956,51.93,21,51.98,8
2021-09-28 09:46:57.055158-04:00,18.35,128,18.36,1956,51.93,2,51.97,90
2021-09-28 09:46:57.055158-04:00,18.35,128,18.36,1956,51.93,2,51.97,90
2021-09-28 09:46:57.055158-04:00,18.35,128,18.36,1956,51.93,2,51.97,90
2021-09-28 09:47:03.067085-04:00,18.35,128,18.36,1956,51.93,2,51.97,90
2021-09-28 09:47:03.067085-04:00,18.35,128,18.36,1956,51.93,2,51.97,90
2021-09-28 09:47:03.067085-04:00,18.34,3035,18.35,61,51.93,2,51.97,90
2021-09-28 09:47:03.067085-04:00,18.34,3035,18.35,61,51.93,2,51.97,90
2021-09-28 09:47:03.067085-04:00,18.34,3035,18.35,61,51.91,72,51.96,127
2021-09-28 09:47:03.067085-04:00,18.34,3035,18.35,61,51.91,72,51.96,127
2021-09-28 09:47:12.086968-04:00,18.34,3035,18.35,61,51.91,72,51.96,127
2021-09-28 09:47:12.086968-04:00,18.34,3035,18.35,61,51.91,72,51.96,127
2021-09-28 09:47:13.089289-04:00,18.34,3035,18.35,61,51.9,54,51.95,126
2021-09-28 09:47:13.089289-04:00,18.34,3035,18.35,61,51.9,54,51.95,126
2021-09-28 09:47:13.089289-04:00,18.35,2130,18.36,246,51.9,54,51.95,126
2021-09-28 09:47:25.866129-04:00,18.35,2130,18.36,246,51.92,84,51.93,94
2021-09-28 09:47:25.866129-04:00,18.35,387,18.36,1831,51.92,84,51.93,94
2021-09-28 09:47:25.866129-04:00,18.35,387,18.36,1831,51.92,84,51.93,94
2021-09-28 09:47:25.866129-04:00,18.35,387,18.36,1831,51.92,84,51.93,94
2021-09-28 09:47:25.866129-04:00,18.35,387,18.36,1831,51.92,84,51.93,94
2021-09-28 09:47:36.889656-04:00,18.35,387,18.36,1831,51.92,84,51.93,94
2021-09-28 09:47:36.889656-04:00,18.35,209,18.36,2284,51.92,84,51.93,94
2021-09-28 09:47:36.889656-04:00,18.35,209,18.36,2284,51.92,84,51.93,94
2021-09-28 09:47:36.889656-04:00,18.35,209,18.36,2284,51.92,145,51.93,100
2021-09-28 09:47:36.889656-04:00,18.35,209,18.36,2284,51.92,145,51.93,100
2021-09-28 09:47:36.889656-04:00,18.35,209,18.36,2284,51.91,174,51.93,6
2021-09-28 09:47:47.189120-04:00,18.35,274,18.36,1833,51.91,174,51.93,6
2021-09-28 09:47:47.189120-04:00,18.35,274,18.36,1833,51.93,109,51.99,94
2021-09-28 09:47:56.930077-04:00,18.35,274,18.36,1833,51.93,109,51.99,94
2021-09-28 09:47:56.930077-04:00,18.34,1614,18.35,1072,51.93,109,51.99,94
2021-09-28 09:47:56.930077-04:00,18.34,1614,18.35,1072,51.93,109,51.99,94
2021-09-28 09:47:56.930077-04:00,18.34,1614,18.35,1072,51.93,109,51.99,94
2021-09-28 09:47:56.930077-04:00,18.34,1614,18.35,1072,51.93,109,51.99,94
2021-09-28 09:47:56.930077-04:00,18.34,1614,18.35,1072,51.93,109,51.99,94
2021-09-28 09:47:56.930077-04:00,18.34,1614,18.35,1072,51.93,109,51.99,94
2021-09-28 09:47:56.930077-04:00,18.34,1614,18.35,1072,51.95,109,52,25
2021-09-28 09:48:06.949289-04:00,18.34,1614,18.35,1072,51.95,109,52,25
2021-09-28 09:48:06.949289-04:00,18.33,2205,18.34,164,51.95,109,52,25
2021-09-28 09:48:06.949289-04:00,18.33,2205,18.34,164,51.95,109,52,25
2021-09-28 09:48:06.949289-04:00,18.33,2205,18.34,164,51.95,109,52,25
2021-09-28 09:48:06.949289-04:00,18.33,2205,18.34,164,51.95,109,52,25
2021-09-28 09:48:06.949289-04:00,18.33,2205,18.34,164,51.95,109,52,25
2021-09-28 09:48:14.965855-04:00,18.33,2205,18.34,164,51.95,109,52,25
2021-09-28 09:48:14.965855-04:00,18.33,2205,18.34,164,51.95,2,51.99,91
2021-09-28 09:48:14.965855-04:00,18.33,2487,18.34,111,51.95,2,51.99,91
2021-09-28 09:48:14.965855-04:00,18.33,2487,18.34,111,51.95,2,51.99,91
2021-09-28 09:48:27.333790-04:00,18.33,2487,18.34,111,51.95,2,51.99,91
2021-09-28 09:48:27.334786-04:00,18.33,2487,18.34,111,51.95,2,51.99,91
2021-09-28 09:48:27.334786-04:00,18.33,2487,18.34,111,51.95,2,51.99,91
2021-09-28 09:48:27.339773-04:00,18.33,2487,18.34,111,51.95,2,51.99,91
2021-09-28 09:48:27.339773-04:00,18.33,2487,18.34,111,51.99,176,52,1
2021-09-28 09:48:27.339773-04:00,18.32,1084,18.33,1900,51.99,176,52,1
2021-09-28 09:48:27.339773-04:00,18.32,1084,18.33,1900,51.99,176,52,1
2021-09-28 09:48:27.339773-04:00,18.32,1084,18.33,1900,51.99,176,52,1
2021-09-28 09:48:27.339773-04:00,18.32,1084,18.33,1900,51.99,176,52,1
2021-09-28 09:48:27.339773-04:00,18.32,1084,18.33,1900,51.99,176,52,1
2021-09-28 09:48:27.339773-04:00,18.32,1084,18.33,1900,51.97,21,52,2
2021-09-28 09:48:37.013907-04:00,18.32,1084,18.33,1900,51.97,21,52,2
2021-09-28 09:48:37.013907-04:00,18.33,747,18.34,2244,51.97,21,52,2
2021-09-28 09:48:37.013907-04:00,18.33,747,18.34,2244,51.97,21,52,2
2021-09-28 09:48:37.013907-04:00,18.33,747,18.34,2244,51.97,21,52,2
2021-09-28 09:48:37.013907-04:00,18.33,747,18.34,2244,51.95,34,51.99,37
2021-09-28 09:48:47.035117-04:00,18.33,747,18.34,2244,51.95,34,51.99,37
2021-09-28 09:48:47.035117-04:00,18.34,837,18.35,1742,51.95,34,51.99,37
2021-09-28 09:48:47.035117-04:00,18.34,837,18.35,1742,51.95,34,51.99,37
2021-09-28 09:48:47.035117-04:00,18.34,837,18.35,1742,51.95,34,51.99,37
2021-09-28 09:48:56.054002-04:00,18.34,837,18.35,1742,51.98,61,52,3
2021-09-28 09:48:57.057320-04:00,18.34,837,18.35,1742,51.98,61,52,3
2021-09-28 09:48:57.057320-04:00,18.33,500,18.34,3149,51.98,61,52,3
2021-09-28 09:48:57.057320-04:00,18.33,500,18.34,3149,51.98,61,52,3
2021-09-28 09:48:57.057320-04:00,18.33,500,18.34,3149,51.98,61,52,3
2021-09-28 09:49:00.063283-04:00,18.33,500,18.34,3149,51.98,75,52,3
2021-09-28 09:49:00.063283-04:00,18.33,500,18.34,3149,51.98,75,52,3
2021-09-28 09:49:07.665955-04:00,18.33,500,18.34,3149,51.98,75,52,3
2021-09-28 09:49:07.665955-04:00,18.33,418,18.34,3197,51.98,75,52,3
2021-09-28 09:49:07.665955-04:00,18.33,418,18.34,3197,51.98,75,52,3
2021-09-28 09:49:07.665955-04:00,18.33,418,18.34,3197,51.98,75,52,3
2021-09-28 09:49:07.665955-04:00,18.33,418,18.34,3197,51.98,75,51.99,3
2021-09-28 09:49:15.094096-04:00,18.33,418,18.34,3197,51.98,75,51.99,3
2021-09-28 09:49:15.094096-04:00,18.33,418,18.34,3197,51.98,75,51.99,3
2021-09-28 09:49:15.094096-04:00,18.33,418,18.34,3197,51.98,75,51.99,3
2021-09-28 09:49:15.094096-04:00,18.33,313,18.34,3201,51.98,75,51.99,3
2021-09-28 09:49:15.094096-04:00,18.33,313,18.34,3201,51.98,75,51.99,3
2021-09-28 09:49:22.859334-04:00,18.33,313,18.34,3201,51.98,75,51.99,3
2021-09-28 09:49:25.865298-04:00,18.33,313,18.34,3201,51.98,75,51.99,3
2021-09-28 09:49:25.865298-04:00,18.33,313,18.34,3201,51.95,38,51.99,40
2021-09-28 09:49:25.865298-04:00,18.34,546,18.35,2437,51.95,38,51.99,40
2021-09-28 09:49:25.865298-04:00,18.34,546,18.35,2437,51.95,38,51.99,40
2021-09-28 09:49:25.865298-04:00,18.34,546,18.35,2437,51.95,38,51.99,40
2021-09-28 09:49:30.875904-04:00,18.34,546,18.35,2437,51.95,38,51.99,40
2021-09-28 09:49:30.875904-04:00,18.34,546,18.35,2437,51.94,85,51.99,91
2021-09-28 09:49:37.139156-04:00,18.34,546,18.35,2437,51.94,85,51.99,91
2021-09-28 09:49:37.139156-04:00,18.34,1048,18.35,1106,51.94,85,51.99,91
2021-09-28 09:49:37.139156-04:00,18.34,1048,18.35,1106,51.94,85,51.99,91
2021-09-28 09:49:37.139156-04:00,18.34,1048,18.35,1106,51.94,85,51.99,91
2021-09-28 09:49:37.139156-04:00,18.34,1048,18.35,1106,51.94,85,51.99,91
2021-09-28 09:49:47.851516-04:00,18.34,1048,18.35,1106,51.95,19,51.99,95
2021-09-28 09:49:47.851516-04:00,18.34,849,18.35,1853,51.95,19,51.99,95
2021-09-28 09:49:47.851516-04:00,18.34,849,18.35,1853,51.95,19,51.99,95
2021-09-28 09:49:47.851516-04:00,18.34,927,18.35,1911,51.95,19,51.99,95
2021-09-28 09:49:47.851516-04:00,18.34,927,18.35,1911,51.95,19,51.99,95
2021-09-28 09:49:47.851516-04:00,18.34,927,18.35,1911,51.95,19,51.99,132
2021-09-28 09:49:56.930242-04:00,18.34,927,18.35,1911,51.95,19,51.99,132
2021-09-28 09:49:56.930242-04:00,18.34,927,18.35,1911,51.95,19,51.99,132
2021-09-28 09:50:06.952449-04:00,18.34,927,18.35,1911,51.94,81,51.99,95
2021-09-28 09:50:06.952449-04:00,18.34,927,18.35,1911,51.94,81,51.99,95
2021-09-28 09:50:06.952449-04:00,18.34,1416,18.35,1152,51.94,81,51.99,95
2021-09-28 09:50:06.952449-04:00,18.34,1416,18.35,1152,51.94,81,51.99,95
2021-09-28 09:50:06.952449-04:00,18.34,1416,18.35,1152,51.94,81,51.99,95
2021-09-28 09:50:06.952449-04:00,18.34,1416,18.35,1152,51.94,81,51.99,95
2021-09-28 09:50:14.693751-04:00,18.34,1416,18.35,1152,51.95,55,51.98,1
2021-09-28 09:50:14.966021-04:00,18.34,1416,18.35,1152,51.95,55,51.98,1
2021-09-28 09:50:14.966021-04:00,18.34,878,18.35,1983,51.95,55,51.98,1
2021-09-28 09:50:23.898145-04:00,18.34,878,18.35,1983,51.95,55,51.98,1
2021-09-28 09:50:23.898145-04:00,18.34,878,18.35,1983,51.94,134,51.98,1
2021-09-28 09:50:28.118858-04:00,18.34,786,18.35,1176,51.94,134,51.98,1
2021-09-28 09:50:28.118858-04:00,18.34,786,18.35,1176,51.94,134,51.98,1
2021-09-28 09:50:29.910070-04:00,18.34,786,18.35,1176,51.94,134,51.98,1
2021-09-28 09:50:29.910070-04:00,18.34,786,18.35,1176,51.94,134,51.98,1
2021-09-28 09:50:29.910070-04:00,18.34,786,18.35,1176,51.94,5,51.98,1
2021-09-28 09:50:36.922320-04:00,18.34,786,18.35,1176,51.94,5,51.98,1
2021-09-28 09:50:36.922320-04:00,18.34,2368,18.35,468,51.94,5,51.98,1
2021-09-28 09:50:41.929931-04:00,18.34,2368,18.35,468,51.94,5,51.98,1
2021-09-28 09:50:41.929931-04:00,18.34,2368,18.35,468,51.94,5,51.98,1
2021-09-28 09:50:41.929931-04:00,18.34,2368,18.35,468,51.94,5,51.98,1
2021-09-28 09:50:41.929931-04:00,18.34,2368,18.35,468,51.92,75,51.96,1
2021-09-28 09:50:45.937217-04:00,18.34,2368,18.35,468,51.92,75,51.96,1
2021-09-28 09:50:45.937217-04:00,18.35,897,18.36,2346,51.92,75,51.96,1
2021-09-28 09:50:45.937217-04:00,18.35,897,18.36,2346,51.92,75,51.96,1
2021-09-28 09:50:45.937217-04:00,18.35,897,18.36,2346,51.93,129,51.96,1
2021-09-28 09:50:56.951769-04:00,18.35,897,18.36,2346,51.93,129,51.96,1
2021-09-28 09:50:56.951769-04:00,18.34,3239,18.35,179,51.93,129,51.96,1
2021-09-28 09:50:56.951769-04:00,18.34,3239,18.35,179,51.93,129,51.96,1
2021-09-28 09:50:56.951769-04:00,18.34,3239,18.35,179,51.93,129,51.96,1
2021-09-28 09:50:59.956737-04:00,18.34,3239,18.35,179,51.93,129,51.96,1
2021-09-28 09:50:59.956737-04:00,18.34,3239,18.35,179,51.93,83,51.96,1
2021-09-28 09:51:08.235601-04:00,18.34,2977,18.35,507,51.93,83,51.96,1
2021-09-28 09:51:08.235601-04:00,18.34,2977,18.35,507,51.93,83,51.96,1
2021-09-28 09:51:08.235601-04:00,18.34,2977,18.35,507,51.96,126,52,54
2021-09-28 09:51:16.989198-04:00,18.34,2977,18.35,507,51.96,126,52,54
2021-09-28 09:51:16.989198-04:00,18.34,258,18.35,3347,51.96,126,52,54
2021-09-28 09:51:16.989198-04:00,18.34,258,18.35,3347,51.96,126,52,54
2021-09-28 09:51:16.989198-04:00,18.34,258,18.35,3347,51.96,126,52,54
2021-09-28 09:51:16.989198-04:00,18.34,258,18.35,3347,51.96,126,52,54
2021-09-28 09:51:16.989198-04:00,18.34,258,18.35,3347,51.96,126,52,54
2021-09-28 09:51:16.989198-04:00,18.34,258,18.35,3347,51.96,55,52,14
2021-09-28 09:51:27.011417-04:00,18.34,258,18.35,3347,51.96,55,52,14
2021-09-28 09:51:27.011417-04:00,18.34,334,18.35,2836,51.96,55,52,14
2021-09-28 09:51:27.011417-04:00,18.34,334,18.35,2836,51.96,55,52,14
2021-09-28 09:51:30.017378-04:00,18.34,334,18.35,2836,51.96,55,52,14
2021-09-28 09:51:30.017378-04:00,18.34,334,18.35,2836,51.96,20,52,10
2021-09-28 09:51:37.032622-04:00,18.34,334,18.35,2836,51.96,20,52,10
2021-09-28 09:51:37.032622-04:00,18.34,350,18.35,3031,51.96,20,52,10
2021-09-28 09:51:37.032622-04:00,18.34,350,18.35,3031,51.96,20,52,10
2021-09-28 09:51:45.049188-04:00,18.34,350,18.35,3031,51.96,20,52,10
2021-09-28 09:51:45.049188-04:00,18.34,350,18.35,3031,51.96,20,52,10
2021-09-28 09:51:45.049188-04:00,18.34,350,18.35,3031,51.96,30,51.97,4
2021-09-28 09:51:48.545841-04:00,18.34,350,18.35,3031,51.96,30,51.97,4
2021-09-28 09:51:48.545841-04:00,18.33,3404,18.34,127,51.96,30,51.97,4
2021-09-28 09:51:55.071422-04:00,18.33,3404,18.34,127,51.96,30,51.97,4
2021-09-28 09:51:55.071422-04:00,18.33,3404,18.34,127,51.9,55,51.95,55
2021-09-28 09:51:57.076033-04:00,18.33,3404,18.34,127,51.9,55,51.95,55
2021-09-28 09:51:57.076033-04:00,18.35,2762,18.36,539,51.9,55,51.95,55
2021-09-28 09:51:57.076033-04:00,18.35,2762,18.36,539,51.9,55,51.95,55
2021-09-28 09:51:57.076033-04:00,18.35,2762,18.36,539,51.9,55,51.95,55
2021-09-28 09:52:05.094595-04:00,18.35,2762,18.36,539,51.9,55,51.95,55
2021-09-28 09:52:07.100234-04:00,18.35,2762,18.36,539,51.88,135,51.93,37
2021-09-28 09:52:07.100234-04:00,18.36,3070,18.37,1169,51.88,135,51.93,37
2021-09-28 09:52:07.100234-04:00,18.36,3070,18.37,1169,51.88,135,51.93,37
2021-09-28 09:52:07.100234-04:00,18.36,3070,18.37,1169,51.88,135,51.93,37
2021-09-28 09:52:07.100234-04:00,18.36,3070,18.37,1169,51.9,41,51.94,91
2021-09-28 09:52:15.867793-04:00,18.36,3070,18.37,1169,51.9,41,51.94,91
2021-09-28 09:52:15.867793-04:00,18.36,3070,18.37,1169,51.9,41,51.94,91
2021-09-28 09:52:15.867793-04:00,18.36,717,18.37,2300,51.9,41,51.94,91
2021-09-28 09:52:15.867793-04:00,18.36,717,18.37,2300,51.9,41,51.94,91
2021-09-28 09:52:15.867793-04:00,18.36,717,18.37,2300,51.9,41,51.94,91
2021-09-28 09:52:15.867793-04:00,18.36,717,18.37,2300,51.89,94,51.93,127
2021-09-28 09:52:28.658595-04:00,18.36,1728,18.37,1916,51.89,94,51.93,127
2021-09-28 09:52:28.658595-04:00,18.36,1728,18.37,1916,51.89,94,51.93,127
2021-09-28 09:52:28.658595-04:00,18.36,1728,18.37,1916,51.89,94,51.93,127
2021-09-28 09:52:28.658595-04:00,18.36,1728,18.37,1916,51.89,94,51.93,127
2021-09-28 09:52:35.897243-04:00,18.36,1728,18.37,1916,51.89,26,51.93,127
2021-09-28 09:52:36.900559-04:00,18.36,1728,18.37,1916,51.89,26,51.93,127
2021-09-28 09:52:36.900559-04:00,18.36,2298,18.37,1941,51.89,26,51.93,127
2021-09-28 09:52:36.900559-04:00,18.36,2298,18.37,1941,51.89,26,51.93,127
2021-09-28 09:52:44.917128-04:00,18.36,2298,18.37,1941,51.89,26,51.93,127
2021-09-28 09:52:44.917128-04:00,18.36,2298,18.37,1941,51.89,26,51.93,127
2021-09-28 09:52:44.917128-04:00,18.36,2298,18.37,1941,51.88,154,51.92,19
2021-09-28 09:52:44.917128-04:00,18.36,3241,18.37,205,51.88,154,51.92,19
2021-09-28 09:52:44.917128-04:00,18.36,3241,18.37,205,51.88,154,51.92,19
2021-09-28 09:52:44.917128-04:00,18.36,3241,18.37,205,51.88,154,51.92,19
2021-09-28 09:52:44.917128-04:00,18.36,3241,18.37,205,51.88,154,51.92,19
2021-09-28 09:52:44.917128-04:00,18.36,3241,18.37,205,51.87,144,51.91,127
2021-09-28 09:52:57.096563-04:00,18.36,3241,18.37,205,51.87,144,51.91,127
2021-09-28 09:52:57.096563-04:00,18.36,3648,18.37,1082,51.87,144,51.91,127
2021-09-28 09:52:57.096563-04:00,18.36,3648,18.37,1082,51.87,144,51.91,127
2021-09-28 09:52:58.848877-04:00,18.36,3648,18.37,1082,51.85,54,51.89,91
2021-09-28 09:53:08.821217-04:00,18.36,3648,18.37,1082,51.85,54,51.89,91
2021-09-28 09:53:08.821217-04:00,18.37,3186,18.38,404,51.85,54,51.89,91
2021-09-28 09:53:08.821217-04:00,18.37,3186,18.38,404,51.85,54,51.89,91
2021-09-28 09:53:08.821217-04:00,18.37,3186,18.38,404,51.85,54,51.89,91
2021-09-28 09:53:13.875702-04:00,18.37,3186,18.38,404,51.83,169,51.87,109
2021-09-28 09:53:14.878022-04:00,18.37,3186,18.38,404,51.83,169,51.87,109
2021-09-28 09:53:14.878022-04:00,18.37,3186,18.38,404,51.83,169,51.87,109
2021-09-28 09:53:15.880344-04:00,18.37,3186,18.38,404,51.83,169,51.87,109
2021-09-28 09:53:15.880344-04:00,18.38,1869,18.39,667,51.83,169,51.87,109
2021-09-28 09:53:22.227374-04:00,18.38,1869,18.39,667,51.83,169,51.87,109
2021-09-28 09:53:22.227374-04:00,18.38,1869,18.39,667,51.78,90,51.82,29
2021-09-28 09:53:26.899881-04:00,18.38,1869,18.39,667,51.78,90,51.82,29
2021-09-28 09:53:26.899881-04:00,18.38,1869,18.39,667,51.78,90,51.82,29
2021-09-28 09:53:26.899881-04:00,18.4,672,18.41,2140,51.78,90,51.82,29
2021-09-28 09:53:26.899881-04:00,18.4,672,18.41,2140,51.78,90,51.82,29
2021-09-28 09:53:26.899881-04:00,18.4,672,18.41,2140,51.79,108,51.84,109
2021-09-28 09:53:36.917098-04:00,18.4,672,18.41,2140,51.79,108,51.84,109
2021-09-28 09:53:36.917098-04:00,18.39,2325,18.4,571,51.79,108,51.84,109
2021-09-28 09:53:48.977853-04:00,18.39,2325,18.4,571,51.79,108,51.84,109
2021-09-28 09:53:48.977853-04:00,18.39,2325,18.4,571,51.79,108,51.84,109
2021-09-28 09:53:48.977853-04:00,18.39,2325,18.4,571,51.81,18,51.85,109
2021-09-28 09:53:48.977853-04:00,18.39,2325,18.4,571,51.81,18,51.85,109
2021-09-28 09:53:48.977853-04:00,18.39,904,18.4,1883,51.81,18,51.85,109
2021-09-28 09:53:51.948908-04:00,18.39,904,18.4,1883,51.81,18,51.85,109
2021-09-28 09:53:51.948908-04:00,18.39,904,18.4,1883,51.81,18,51.85,109
2021-09-28 09:53:51.948908-04:00,18.39,904,18.4,1883,51.81,90,51.86,155
2021-09-28 09:53:56.960509-04:00,18.39,904,18.4,1883,51.81,90,51.86,155
2021-09-28 09:53:56.960509-04:00,18.39,904,18.4,1883,51.81,90,51.86,155
2021-09-28 09:53:56.960509-04:00,18.38,2433,18.39,317,51.81,90,51.86,155
2021-09-28 09:53:56.960509-04:00,18.38,2433,18.39,317,51.81,90,51.86,155
2021-09-28 09:53:56.960509-04:00,18.38,2433,18.39,317,51.8,54,51.85,93
2021-09-28 09:54:05.980396-04:00,18.38,2433,18.39,317,51.8,54,51.85,93
2021-09-28 09:54:05.980396-04:00,18.38,2433,18.39,317,51.8,54,51.85,93
2021-09-28 09:54:05.980396-04:00,18.38,2433,18.39,317,51.8,54,51.85,93
2021-09-28 09:54:05.980396-04:00,18.39,474,18.4,2835,51.8,54,51.85,93
2021-09-28 09:54:05.980396-04:00,18.39,474,18.4,2835,51.8,126,51.85,109
2021-09-28 09:54:05.980396-04:00,18.39,474,18.4,2835,51.8,126,51.85,109
2021-09-28 09:54:15.740302-04:00,18.39,474,18.4,2835,51.8,126,51.85,109
2021-09-28 09:54:15.740302-04:00,18.39,474,18.4,2835,51.8,126,51.85,109
2021-09-28 09:54:15.740302-04:00,18.39,286,18.4,2758,51.8,126,51.85,109
2021-09-28 09:54:29.094598-04:00,18.39,286,18.4,2758,51.81,72,51.85,109
2021-09-28 09:54:29.094598-04:00,18.39,198,18.4,3240,51.81,72,51.85,109
2021-09-28 09:54:29.094598-04:00,18.39,198,18.4,3240,51.79,108,51.83,19
2021-09-28 09:54:29.094598-04:00,18.39,198,18.4,3240,51.79,108,51.83,19
2021-09-28 09:54:35.043692-04:00,18.39,198,18.4,3240,51.79,108,51.83,19
2021-09-28 09:54:35.043692-04:00,18.39,198,18.4,3240,51.79,108,51.83,19
2021-09-28 09:54:35.043692-04:00,18.39,198,18.4,3240,51.79,108,51.83,19
2021-09-28 09:54:35.043692-04:00,18.39,198,18.4,3240,51.79,108,51.83,19
2021-09-28 09:54:35.043692-04:00,18.39,2044,18.4,1704,51.79,108,51.83,19
2021-09-28 09:54:42.476818-04:00,18.39,2044,18.4,1704,51.79,108,51.83,19
2021-09-28 09:54:42.476818-04:00,18.39,2044,18.4,1704,51.8,145,51.85,109
2021-09-28 09:54:42.476818-04:00,18.39,2044,18.4,1704,51.8,145,51.85,109
2021-09-28 09:54:42.476818-04:00,18.39,2044,18.4,1704,51.8,145,51.85,109
2021-09-28 09:54:42.476818-04:00,18.39,2044,18.4,1704,51.8,145,51.85,109
2021-09-28 09:54:42.476818-04:00,18.39,2044,18.4,1704,51.8,145,51.85,109
2021-09-28 09:54:42.476818-04:00,18.39,330,18.4,2628,51.8,145,51.85,109
2021-09-28 09:54:42.476818-04:00,18.39,330,18.4,2628,51.8,145,51.85,109
2021-09-28 09:54:42.476818-04:00,18.39,330,18.4,2628,51.81,37,51.85,109
2021-09-28 09:54:42.476818-04:00,18.39,330,18.4,2628,51.81,37,51.85,109
2021-09-28 09:54:42.476818-04:00,18.39,408,18.4,2708,51.81,37,51.85,109
2021-09-28 09:55:09.372910-04:00,18.4,1764,18.41,1811,51.75,93,51.82,144
2021-09-28 09:55:09.372910-04:00,18.4,1764,18.41,1811,51.75,93,51.82,144
2021-09-28 09:55:09.372910-04:00,18.4,1764,18.41,1811,51.79,174,51.83,19
2021-09-28 09:55:16.087954-04:00,18.4,1764,18.41,1811,51.79,174,51.83,19
2021-09-28 09:55:16.087954-04:00,18.4,1764,18.41,1811,51.79,174,51.83,19
2021-09-28 09:55:16.087954-04:00,18.39,2445,18.4,1682,51.79,174,51.83,19
2021-09-28 09:55:16.087954-04:00,18.39,2445,18.4,1682,51.79,174,51.83,19
2021-09-28 09:55:22.730198-04:00,18.39,2445,18.4,1682,51.78,18,51.82,109
2021-09-28 09:55:27.110485-04:00,18.39,2445,18.4,1682,51.78,18,51.82,109
2021-09-28 09:55:27.110485-04:00,18.39,3995,18.4,41,51.78,18,51.82,109
2021-09-28 09:55:27.110485-04:00,18.39,3995,18.4,41,51.78,18,51.82,109
2021-09-28 09:55:27.110485-04:00,18.39,3995,18.4,41,51.78,18,51.82,109
2021-09-28 09:55:37.128701-04:00,18.39,3995,18.4,41,51.73,29,51.8,122
2021-09-28 09:55:37.128701-04:00,18.39,3995,18.4,41,51.73,29,51.8,122
2021-09-28 09:55:37.128701-04:00,18.4,2874,18.41,367,51.73,29,51.8,122
2021-09-28 09:55:37.128701-04:00,18.4,2874,18.41,367,51.73,29,51.8,122
2021-09-28 09:55:37.128701-04:00,18.4,2874,18.41,367,51.73,29,51.8,122
2021-09-28 09:55:45.895261-04:00,18.4,2874,18.41,367,51.73,29,51.8,122
2021-09-28 09:55:45.895261-04:00,18.4,2874,18.41,367,51.73,29,51.8,122
2021-09-28 09:55:45.895261-04:00,18.4,2874,18.41,367,51.73,29,51.8,122
2021-09-28 09:55:45.895261-04:00,18.4,2874,18.41,367,51.73,29,51.8,122
2021-09-28 09:55:45.895261-04:00,18.4,669,18.41,2036,51.77,91,51.82,158
2021-09-28 09:55:49.902547-04:00,18.4,669,18.41,2036,51.77,91,51.82,158
2021-09-28 09:55:49.902547-04:00,18.4,669,18.41,2036,51.76,108,51.8,139
2021-09-28 09:55:49.902547-04:00,18.4,669,18.41,2036,51.76,108,51.8,139
2021-09-28 09:55:56.915798-04:00,18.4,669,18.41,2036,51.76,108,51.8,139
2021-09-28 09:55:56.915798-04:00,18.4,2758,18.41,504,51.76,108,51.8,139
2021-09-28 09:55:56.915798-04:00,18.4,2758,18.41,504,51.76,108,51.8,139
2021-09-28 09:56:03.322768-04:00,18.4,2758,18.41,504,51.76,108,51.8,139
2021-09-28 09:56:03.322768-04:00,18.4,2758,18.41,504,51.76,108,51.8,139
2021-09-28 09:56:06.937094-04:00,18.4,2758,18.41,504,51.75,126,51.8,127
2021-09-28 09:56:06.937094-04:00,18.4,2399,18.41,1380,51.75,126,51.8,127
2021-09-28 09:56:06.937094-04:00,18.4,2399,18.41,1380,51.75,126,51.8,127
2021-09-28 09:56:06.937094-04:00,18.4,2399,18.41,1380,51.75,126,51.8,127
2021-09-28 09:56:06.937094-04:00,18.4,2399,18.41,1380,51.75,126,51.8,127
2021-09-28 09:56:06.937094-04:00,18.4,2399,18.41,1380,51.71,54,51.75,159
2021-09-28 09:56:16.958302-04:00,18.4,2399,18.41,1380,51.71,54,51.75,159
2021-09-28 09:56:16.958302-04:00,18.42,1551,18.43,1966,51.71,54,51.75,159
2021-09-28 09:56:16.958302-04:00,18.42,1551,18.43,1966,51.71,54,51.75,159
2021-09-28 09:56:16.958302-04:00,18.42,1551,18.43,1966,51.71,54,51.75,159
2021-09-28 09:56:16.958302-04:00,18.42,1551,18.43,1966,51.71,151,51.74,7
2021-09-28 09:56:30.134074-04:00,18.42,1551,18.43,1966,51.71,151,51.74,7
2021-09-28 09:56:30.134074-04:00,18.42,2125,18.43,2403,51.71,151,51.74,7
2021-09-28 09:56:30.134074-04:00,18.42,2125,18.43,2403,51.71,151,51.74,7
2021-09-28 09:56:31.957200-04:00,18.42,2125,18.43,2403,51.71,151,51.74,7
2021-09-28 09:56:31.957200-04:00,18.42,2125,18.43,2403,51.73,127,51.77,91
2021-09-28 09:56:36.967805-04:00,18.42,2125,18.43,2403,51.73,127,51.77,91
2021-09-28 09:56:36.967805-04:00,18.41,2943,18.42,2235,51.73,127,51.77,91
2021-09-28 09:56:36.967805-04:00,18.41,2943,18.42,2235,51.73,127,51.77,91
2021-09-28 09:56:43.982050-04:00,18.41,2943,18.42,2235,51.73,127,51.77,91
2021-09-28 09:56:43.982050-04:00,18.41,2943,18.42,2235,51.75,90,51.79,145
2021-09-28 09:56:46.990008-04:00,18.41,2943,18.42,2235,51.75,90,51.79,145
2021-09-28 09:56:46.990008-04:00,18.41,2943,18.42,2235,51.75,90,51.79,145
2021-09-28 09:56:46.990008-04:00,18.4,2684,18.41,669,51.75,90,51.79,145
2021-09-28 09:56:46.990008-04:00,18.4,2684,18.41,669,51.75,90,51.79,145
2021-09-28 09:56:46.990008-04:00,18.4,2684,18.41,669,51.73,126,51.77,62
2021-09-28 09:56:59.189149-04:00,18.4,2684,18.41,669,51.73,126,51.77,62
2021-09-28 09:56:59.189149-04:00,18.4,2684,18.41,669,51.73,126,51.77,62
2021-09-28 09:56:59.189149-04:00,18.4,2684,18.41,669,51.73,126,51.77,62
2021-09-28 09:56:59.189149-04:00,18.41,1536,18.42,1793,51.73,126,51.77,62
2021-09-28 09:57:04.198752-04:00,18.41,1536,18.42,1793,51.73,126,51.77,62
2021-09-28 09:57:04.198752-04:00,18.41,1536,18.42,1793,51.72,144,51.77,79
2021-09-28 09:57:09.115673-04:00,18.41,1536,18.42,1793,51.72,144,51.77,79
2021-09-28 09:57:09.115673-04:00,18.41,1676,18.42,2542,51.72,144,51.77,79
2021-09-28 09:57:09.115673-04:00,18.41,1676,18.42,2542,51.72,144,51.77,79
2021-09-28 09:57:09.115673-04:00,18.41,1676,18.42,2542,51.72,144,51.77,79
2021-09-28 09:57:09.115673-04:00,18.41,1676,18.42,2542,51.72,144,51.77,79
2021-09-28 09:57:09.115673-04:00,18.41,1676,18.42,2542,51.72,144,51.77,79
2021-09-28 09:57:09.115673-04:00,18.41,1676,18.42,2542,51.73,126,51.77,37
2021-09-28 09:57:19.258552-04:00,18.41,1676,18.42,2542,51.73,126,51.77,37
2021-09-28 09:57:19.258552-04:00,18.41,1614,18.42,2487,51.73,126,51.77,37
2021-09-28 09:57:19.258552-04:00,18.41,1614,18.42,2487,51.72,126,51.76,127
2021-09-28 09:57:19.258552-04:00,18.41,1614,18.42,2487,51.72,126,51.76,127
2021-09-28 09:57:29.089267-04:00,18.41,1614,18.42,2487,51.72,126,51.76,127
2021-09-28 09:57:29.089267-04:00,18.41,1614,18.42,2487,51.72,126,51.76,127
2021-09-28 09:57:29.089267-04:00,18.41,1614,18.42,2487,51.72,126,51.76,127
2021-09-28 09:57:29.089267-04:00,18.41,2656,18.42,890,51.72,126,51.76,127
2021-09-28 09:57:30.090591-04:00,18.41,2656,18.42,890,51.72,126,51.76,127
2021-09-28 09:57:39.337870-04:00,18.41,2656,18.42,890,51.72,126,51.76,127
2021-09-28 09:57:39.337870-04:00,18.41,2656,18.42,890,51.71,36,51.75,91
2021-09-28 09:57:39.337870-04:00,18.42,1258,18.43,2267,51.71,36,51.75,91
2021-09-28 09:57:39.337870-04:00,18.42,1258,18.43,2267,51.71,36,51.75,91
2021-09-28 09:57:39.337870-04:00,18.42,1258,18.43,2267,51.71,36,51.75,91
2021-09-28 09:57:39.337870-04:00,18.42,1258,18.43,2267,51.71,36,51.75,91
2021-09-28 09:57:47.180901-04:00,18.42,1258,18.43,2267,51.71,36,51.75,91
2021-09-28 09:57:47.180901-04:00,18.42,1258,18.43,2267,51.71,36,51.75,91
2021-09-28 09:57:47.180901-04:00,18.42,1258,18.43,2267,51.7,127,51.75,91
2021-09-28 09:57:47.180901-04:00,18.42,1258,18.43,2267,51.7,127,51.75,91
2021-09-28 09:57:47.180901-04:00,18.42,857,18.43,2345,51.7,127,51.75,91
2021-09-28 09:57:52.796885-04:00,18.42,857,18.43,2345,51.7,168,51.74,109
2021-09-28 09:57:58.098709-04:00,18.42,857,18.43,2345,51.7,168,51.74,109
2021-09-28 09:57:58.098709-04:00,18.42,857,18.43,2345,51.7,168,51.74,109
2021-09-28 09:57:58.098709-04:00,18.42,857,18.43,2345,51.7,168,51.74,109
2021-09-28 09:57:58.098709-04:00,18.42,1583,18.43,2382,51.7,168,51.74,109
2021-09-28 09:57:58.098709-04:00,18.42,1583,18.43,2382,51.7,168,51.74,109
2021-09-28 09:57:59.097040-04:00,18.42,1583,18.43,2382,51.7,168,51.74,109
2021-09-28 09:58:02.102006-04:00,18.42,1583,18.43,2382,51.7,168,51.74,109
2021-09-28 09:58:02.102006-04:00,18.42,1583,18.43,2382,51.72,126,51.76,115
2021-09-28 09:58:09.178133-04:00,18.42,1583,18.43,2382,51.72,126,51.76,115
2021-09-28 09:58:09.178133-04:00,18.41,2986,18.42,2199,51.72,126,51.76,115
2021-09-28 09:58:09.178133-04:00,18.41,2986,18.42,2199,51.72,126,51.76,115
2021-09-28 09:58:09.178133-04:00,18.41,2986,18.42,2199,51.7,144,51.74,21
2021-09-28 09:58:19.599271-04:00,18.41,2986,18.42,2199,51.7,144,51.74,21
2021-09-28 09:58:19.599271-04:00,18.41,2986,18.42,2199,51.7,144,51.74,21
2021-09-28 09:58:19.599271-04:00,18.41,2986,18.42,2199,51.7,144,51.74,21
2021-09-28 09:58:19.599271-04:00,18.42,1478,18.43,2137,51.7,144,51.74,21
2021-09-28 09:58:19.599271-04:00,18.42,1478,18.43,2137,51.7,144,51.74,21
2021-09-28 09:58:19.599271-04:00,18.42,1478,18.43,2137,51.7,126,51.74,3
2021-09-28 09:58:19.599271-04:00,18.42,1478,18.43,2137,51.7,126,51.74,3
2021-09-28 09:58:27.282730-04:00,18.42,1478,18.43,2137,51.7,126,51.74,3
2021-09-28 09:58:27.282730-04:00,18.42,784,18.43,2399,51.7,126,51.74,3
2021-09-28 09:58:27.282730-04:00,18.42,784,18.43,2399,51.7,126,51.74,3
2021-09-28 09:58:32.916668-04:00,18.42,784,18.43,2399,51.7,126,51.74,3
2021-09-28 09:58:32.916668-04:00,18.42,784,18.43,2399,51.7,126,51.74,3
2021-09-28 09:58:32.916668-04:00,18.42,784,18.43,2399,51.7,126,51.74,3
2021-09-28 09:58:32.916668-04:00,18.42,784,18.43,2399,51.68,54,51.71,18
2021-09-28 09:58:39.307580-04:00,18.42,784,18.43,2399,51.68,54,51.71,18
2021-09-28 09:58:39.307580-04:00,18.42,784,18.43,2399,51.68,54,51.71,18
2021-09-28 09:58:39.307580-04:00,18.43,1515,18.44,948,51.68,54,51.71,18
2021-09-28 09:58:39.307580-04:00,18.43,1515,18.44,948,51.68,54,51.71,18
2021-09-28 09:58:39.307580-04:00,18.43,1515,18.44,948,51.68,54,51.71,18
2021-09-28 09:58:48.076266-04:00,18.43,1515,18.44,948,51.68,54,51.71,18
2021-09-28 09:58:48.076266-04:00,18.43,1515,18.44,948,51.67,72,51.71,37
2021-09-28 09:58:48.076266-04:00,18.43,1428,18.44,1884,51.67,72,51.71,37
2021-09-28 09:58:48.076266-04:00,18.43,1428,18.44,1884,51.67,72,51.71,37
2021-09-28 09:58:48.076266-04:00,18.43,1428,18.44,1884,51.67,72,51.71,37
2021-09-28 09:58:48.076266-04:00,18.43,1428,18.44,1884,51.65,126,51.69,109
2021-09-28 09:58:48.076266-04:00,18.44,751,18.45,2647,51.65,126,51.69,109
2021-09-28 09:58:48.076266-04:00,18.44,751,18.45,2647,51.65,126,51.69,109
2021-09-28 09:58:59.770002-04:00,18.44,751,18.45,2647,51.65,126,51.69,109
2021-09-28 09:58:59.770002-04:00,18.44,751,18.45,2647,51.65,126,51.69,109
2021-09-28 09:59:08.122671-04:00,18.44,751,18.45,2647,51.65,126,51.69,109
2021-09-28 09:59:08.122671-04:00,18.44,751,18.45,2647,51.65,126,51.69,109
2021-09-28 09:59:08.122671-04:00,18.44,751,18.45,2647,51.65,126,51.69,25
2021-09-28 09:59:08.122671-04:00,18.44,464,18.45,2526,51.65,126,51.69,25
2021-09-28 09:59:08.122671-04:00,18.44,464,18.45,2526,51.65,126,51.69,25
2021-09-28 09:59:08.122671-04:00,18.44,464,18.45,2526,51.65,126,51.69,25
2021-09-28 09:59:08.122671-04:00,18.44,464,18.45,2526,51.65,126,51.69,25
2021-09-28 09:59:08.122671-04:00,18.44,464,18.45,2526,51.65,126,51.69,25
2021-09-28 09:59:18.145135-04:00,18.44,464,18.45,2526,51.65,126,51.69,25
2021-09-28 09:59:18.145135-04:00,18.44,318,18.45,3198,51.65,126,51.69,25
2021-09-28 09:59:19.146457-04:00,18.44,318,18.45,3198,51.65,126,51.69,25
2021-09-28 09:59:19.146457-04:00,18.44,318,18.45,3198,51.65,126,51.69,25
2021-09-28 09:59:27.163024-04:00,18.44,318,18.45,3198,51.65,126,51.69,25
2021-09-28 09:59:27.163024-04:00,18.44,318,18.45,3198,51.65,126,51.69,25
2021-09-28 09:59:27.163024-04:00,18.44,318,18.45,3198,51.65,126,51.69,25
2021-09-28 09:59:27.163024-04:00,18.44,318,18.45,3198,51.67,72,51.7,1
2021-09-28 09:59:27.163024-04:00,18.43,2843,18.44,2716,51.67,72,51.7,1
2021-09-28 09:59:27.163024-04:00,18.43,2843,18.44,2716,51.67,72,51.7,1
2021-09-28 09:59:27.163024-04:00,18.43,2843,18.44,2716,51.67,72,51.7,1
2021-09-28 09:59:27.163024-04:00,18.43,2843,18.44,2716,51.67,126,51.7,1
2021-09-28 09:59:40.034988-04:00,18.43,1360,18.44,2550,51.67,126,51.7,1
2021-09-28 09:59:40.034988-04:00,18.43,1360,18.44,2550,51.67,126,51.7,1
2021-09-28 09:59:41.196887-04:00,18.43,1360,18.44,2550,51.67,126,51.7,1
2021-09-28 09:59:47.065213-04:00,18.43,1360,18.44,2550,51.67,126,51.7,1
2021-09-28 09:59:47.065213-04:00,18.43,1360,18.44,2550,51.67,126,51.7,1
2021-09-28 09:59:47.065213-04:00,18.43,1360,18.44,2550,51.67,126,51.7,1
2021-09-28 09:59:47.065213-04:00,18.43,1360,18.44,2550,51.65,126,51.7,85
2021-09-28 09:59:47.065213-04:00,18.43,3700,18.44,352,51.65,126,51.7,85
2021-09-28 09:59:55.079764-04:00,18.43,3700,18.44,352,51.65,126,51.7,85
2021-09-28 09:59:55.079764-04:00,18.43,3700,18.44,352,51.61,18,51.65,27
2021-09-28 09:59:55.079764-04:00,18.43,3700,18.44,352,51.61,18,51.65,27
2021-09-28 09:59:55.079764-04:00,18.43,3700,18.44,352,51.61,18,51.65,27
2021-09-28 09:59:59.088048-04:00,18.45,2030,18.46,755,51.61,18,51.65,27
2021-09-28 09:59:59.088048-04:00,18.45,2030,18.46,755,51.61,18,51.65,27
2021-09-28 09:59:59.088048-04:00,18.45,2030,18.46,755,51.61,18,51.65,27
2021-09-28 09:59:59.088048-04:00,18.45,2030,18.46,755,51.61,18,51.65,27
2021-09-28 09:59:59.088048-04:00,18.45,2030,18.46,755,51.61,18,51.65,27
2021-09-28 09:59:59.088048-04:00,18.45,2030,18.46,755,51.59,123,51.64,127
2021-09-28 09:59:59.088048-04:00,18.45,2030,18.46,755,51.59,123,51.64,127
2021-09-28 09:59:59.088048-04:00,18.45,4329,18.46,252,51.59,123,51.64,127
2021-09-28 10:00:09.134188-04:00,18.45,4329,18.46,252,51.59,123,51.64,127
2021-09-28 10:00:12.178050-04:00,18.45,4329,18.46,252,51.59,123,51.64,127
2021-09-28 10:00:20.195617-04:00,18.45,4329,18.46,252,51.59,123,51.64,127
2021-09-28 10:00:20.195617-04:00,18.45,4329,18.46,252,51.61,54,51.65,37
2021-09-28 10:00:20.195617-04:00,18.45,1321,18.46,1616,51.61,54,51.65,37
2021-09-28 10:00:20.224537-04:00,18.45,1321,18.46,1616,51.61,54,51.65,37
2021-09-28 10:00:20.224537-04:00,18.45,1321,18.46,1616,51.61,54,51.65,37
2021-09-28 10:00:20.224537-04:00,18.45,1321,18.46,1616,51.61,54,51.65,37
2021-09-28 10:00:20.224537-04:00,18.45,1321,18.46,1616,51.61,54,51.65,37
2021-09-28 10:00:20.224537-04:00,18.45,1321,18.46,1616,51.61,36,51.65,127
2021-09-28 10:00:20.224537-04:00,18.45,1321,18.46,1616,51.61,36,51.65,127
2021-09-28 10:00:20.224537-04:00,18.45,1335,18.46,1260,51.61,36,51.65,127
2021-09-28 10:00:29.171615-04:00,18.45,1335,18.46,1260,51.61,36,51.65,127
2021-09-28 10:00:29.171615-04:00,18.45,1335,18.46,1260,51.61,36,51.65,127
2021-09-28 10:00:29.171615-04:00,18.45,1335,18.46,1260,51.61,36,51.65,127
2021-09-28 10:00:29.171615-04:00,18.45,1335,18.46,1260,51.6,126,51.64,160
2021-09-28 10:00:29.171615-04:00,18.45,1335,18.46,1260,51.6,126,51.64,160
2021-09-28 10:00:29.171615-04:00,18.45,1335,18.46,1260,51.6,126,51.64,160
2021-09-28 10:00:39.189831-04:00,18.45,3484,18.46,1192,51.6,126,51.64,160
2021-09-28 10:00:48.203729-04:00,18.45,3484,18.46,1192,51.6,126,51.64,160
2021-09-28 10:00:48.203729-04:00,18.45,3484,18.46,1192,51.62,146,51.65,1
2021-09-28 10:00:48.203729-04:00,18.45,3484,18.46,1192,51.62,146,51.65,1
2021-09-28 10:00:49.207048-04:00,18.44,4201,18.45,317,51.62,146,51.65,1
2021-09-28 10:00:55.216981-04:00,18.44,4201,18.45,317,51.62,146,51.65,1
2021-09-28 10:00:55.216981-04:00,18.44,4201,18.45,317,51.62,146,51.65,1
2021-09-28 10:00:55.216981-04:00,18.44,4201,18.45,317,51.62,72,51.65,73
2021-09-28 10:01:00.569669-04:00,18.45,380,18.46,3139,51.62,72,51.65,73
2021-09-28 10:01:00.569669-04:00,18.45,380,18.46,3139,51.62,72,51.65,73
2021-09-28 10:01:06.261450-04:00,18.45,380,18.46,3139,51.62,72,51.65,73
2021-09-28 10:01:06.261450-04:00,18.45,380,18.46,3139,51.62,72,51.65,73
2021-09-28 10:01:08.266094-04:00,18.45,380,18.46,3139,51.62,72,51.65,73
2021-09-28 10:01:08.266094-04:00,18.45,380,18.46,3139,51.61,144,51.65,2
2021-09-28 10:01:08.266094-04:00,18.44,4728,18.45,62,51.61,144,51.65,2
2021-09-28 10:01:18.035008-04:00,18.44,4728,18.45,62,51.61,144,51.65,2
2021-09-28 10:01:18.035008-04:00,18.44,4728,18.45,62,51.61,144,51.66,132
2021-09-28 10:01:18.035008-04:00,18.44,4728,18.45,62,51.61,144,51.66,132
2021-09-28 10:01:18.035008-04:00,18.44,4134,18.45,62,51.61,144,51.66,132
2021-09-28 10:01:19.288657-04:00,18.44,4134,18.45,62,51.61,144,51.66,132
2021-09-28 10:01:28.054220-04:00,18.44,4134,18.45,62,51.61,144,51.66,132
2021-09-28 10:01:28.054220-04:00,18.44,4134,18.45,62,51.61,144,51.66,132
2021-09-28 10:01:28.054220-04:00,18.44,4134,18.45,62,51.61,144,51.66,132
2021-09-28 10:01:28.054220-04:00,18.44,4134,18.45,62,51.63,112,51.68,49
2021-09-28 10:01:28.054220-04:00,18.44,4134,18.45,62,51.63,112,51.68,49
2021-09-28 10:01:28.054220-04:00,18.44,1375,18.45,2066,51.63,112,51.68,49
2021-09-28 10:01:28.054220-04:00,18.44,1375,18.45,2066,51.63,112,51.68,49
2021-09-28 10:01:28.054220-04:00,18.44,1375,18.45,2066,51.63,112,51.68,49
2021-09-28 10:01:28.054220-04:00,18.44,1375,18.45,2066,51.63,81,51.67,91
2021-09-28 10:01:40.762246-04:00,18.44,1687,18.45,856,51.63,81,51.67,91
2021-09-28 10:01:40.762246-04:00,18.44,1687,18.45,856,51.63,81,51.67,91
2021-09-28 10:01:40.762246-04:00,18.44,1687,18.45,856,51.63,81,51.67,91
2021-09-28 10:01:40.762246-04:00,18.44,1687,18.45,856,51.63,81,51.67,91
2021-09-28 10:01:40.762246-04:00,18.44,1687,18.45,856,51.59,134,51.63,126
2021-09-28 10:01:48.092644-04:00,18.44,1687,18.45,856,51.59,134,51.63,126
2021-09-28 10:01:48.092644-04:00,18.45,4021,18.46,1598,51.59,134,51.63,126
2021-09-28 10:01:54.169400-04:00,18.45,4021,18.46,1598,51.6,40,51.64,127
2021-09-28 10:01:54.169400-04:00,18.45,4021,18.46,1598,51.6,40,51.64,127
2021-09-28 10:01:54.169400-04:00,18.45,4021,18.46,1598,51.6,40,51.64,127
2021-09-28 10:01:57.075628-04:00,18.45,3389,18.46,1019,51.6,40,51.64,127
2021-09-28 10:01:57.075628-04:00,18.45,3389,18.46,1019,51.6,40,51.64,127
2021-09-28 10:02:07.614453-04:00,18.45,3389,18.46,1019,51.6,40,51.64,127
2021-09-28 10:02:07.614453-04:00,18.45,3389,18.46,1019,51.6,40,51.64,127
2021-09-28 10:02:07.614453-04:00,18.45,3389,18.46,1019,51.6,40,51.64,127
2021-09-28 10:02:07.614453-04:00,18.45,3389,18.46,1019,51.56,97,51.61,127
2021-09-28 10:02:07.614453-04:00,18.46,4230,18.47,651,51.56,97,51.61,127
2021-09-28 10:02:07.614453-04:00,18.46,4230,18.47,651,51.56,97,51.61,127
2021-09-28 10:02:20.962764-04:00,18.46,4230,18.47,651,51.56,97,51.61,127
2021-09-28 10:02:20.962764-04:00,18.46,4230,18.47,651,51.57,62,51.61,127
2021-09-28 10:02:20.962764-04:00,18.46,4437,18.47,891,51.57,62,51.61,127
2021-09-28 10:02:20.966754-04:00,18.46,4437,18.47,891,51.57,62,51.61,127
2021-09-28 10:02:20.966754-04:00,18.46,4437,18.47,891,51.57,62,51.61,127
2021-09-28 10:02:20.966754-04:00,18.46,4437,18.47,891,51.57,62,51.61,127
2021-09-28 10:02:20.966754-04:00,18.46,4811,18.47,299,51.56,149,51.6,127
2021-09-28 10:02:20.966754-04:00,18.46,4811,18.47,299,51.56,149,51.6,127
2021-09-28 10:02:29.233650-04:00,18.46,4811,18.47,299,51.56,149,51.6,127
2021-09-28 10:02:29.233650-04:00,18.46,4811,18.47,299,51.63,93,51.69,29
2021-09-28 10:02:37.250352-04:00,18.46,4811,18.47,299,51.63,93,51.69,29
2021-09-28 10:02:37.250352-04:00,18.46,4811,18.47,299,51.63,93,51.69,29
2021-09-28 10:02:37.250352-04:00,18.46,4811,18.47,299,51.63,93,51.69,29
2021-09-28 10:02:37.250352-04:00,18.46,4811,18.47,299,51.63,93,51.69,29
2021-09-28 10:02:37.250352-04:00,18.44,2641,18.45,2254,51.63,93,51.69,29
2021-09-28 10:02:37.250352-04:00,18.44,2641,18.45,2254,51.63,93,51.69,29
2021-09-28 10:02:37.250352-04:00,18.44,2641,18.45,2254,51.63,93,51.69,29
2021-09-28 10:02:37.250352-04:00,18.44,2641,18.45,2254,51.63,63,51.68,19
2021-09-28 10:02:37.250352-04:00,18.44,2641,18.45,2254,51.63,63,51.68,19
2021-09-28 10:02:37.250352-04:00,18.44,2641,18.45,2254,51.63,63,51.68,19
2021-09-28 10:02:37.250352-04:00,18.44,2093,18.45,2486,51.63,63,51.68,19
2021-09-28 10:02:49.285270-04:00,18.44,2093,18.45,2486,51.63,63,51.68,19
2021-09-28 10:02:51.037598-04:00,18.44,2093,18.45,2486,51.63,63,51.68,19
2021-09-28 10:02:51.037598-04:00,18.44,2093,18.45,2486,51.63,63,51.68,19
2021-09-28 10:03:01.569429-04:00,18.44,2183,18.45,1106,51.63,68,51.67,145
2021-09-28 10:03:01.570427-04:00,18.44,2183,18.45,1106,51.63,68,51.67,145
2021-09-28 10:03:01.570427-04:00,18.44,2183,18.45,1106,51.63,68,51.67,145
2021-09-28 10:03:01.570427-04:00,18.44,2183,18.45,1106,51.62,115,51.66,127
2021-09-28 10:03:01.570427-04:00,18.44,3784,18.45,592,51.62,115,51.66,127
2021-09-28 10:03:09.071378-04:00,18.44,3784,18.45,592,51.62,115,51.66,127
2021-09-28 10:03:09.071378-04:00,18.44,3784,18.45,592,51.62,115,51.66,127
2021-09-28 10:03:09.071378-04:00,18.44,3784,18.45,592,51.62,115,51.66,127
2021-09-28 10:03:09.071378-04:00,18.44,3784,18.45,592,51.62,115,51.66,127
2021-09-28 10:03:18.086274-04:00,18.44,3784,18.45,592,51.62,115,51.66,127
2021-09-28 10:03:18.086274-04:00,18.44,3784,18.45,592,51.58,18,51.63,96
2021-09-28 10:03:18.086274-04:00,18.45,3346,18.46,949,51.58,18,51.63,96
2021-09-28 10:03:19.087593-04:00,18.45,3346,18.46,949,51.58,18,51.63,96
2021-09-28 10:03:28.317914-04:00,18.45,3346,18.46,949,51.58,18,51.63,96
2021-09-28 10:03:28.317914-04:00,18.45,3346,18.46,949,51.58,18,51.63,96
2021-09-28 10:03:28.317914-04:00,18.45,3346,18.46,949,51.58,66,51.61,90
2021-09-28 10:03:28.317914-04:00,18.46,1826,18.47,1976,51.58,66,51.61,90
2021-09-28 10:03:28.317914-04:00,18.46,1826,18.47,1976,51.58,66,51.61,90
2021-09-28 10:03:28.317914-04:00,18.46,1826,18.47,1976,51.58,66,51.61,90
2021-09-28 10:03:28.317914-04:00,18.46,1826,18.47,1976,51.58,66,51.61,90
2021-09-28 10:03:28.317914-04:00,18.46,1826,18.47,1976,51.58,66,51.61,90
2021-09-28 10:03:28.317914-04:00,18.46,1826,18.47,1976,51.58,66,51.61,90
2021-09-28 10:03:28.317914-04:00,18.45,2912,18.46,961,51.59,161,51.64,127
2021-09-28 10:03:41.714169-04:00,18.45,2912,18.46,961,51.59,161,51.64,127
2021-09-28 10:03:41.714169-04:00,18.45,2912,18.46,961,51.59,161,51.64,127
2021-09-28 10:03:47.156548-04:00,18.45,2912,18.46,961,51.57,126,51.61,19
2021-09-28 10:03:48.158878-04:00,18.45,2912,18.46,961,51.57,126,51.61,19
2021-09-28 10:03:48.158878-04:00,18.45,2912,18.46,961,51.57,126,51.61,19
2021-09-28 10:03:48.158878-04:00,18.46,2457,18.47,2157,51.57,126,51.61,19
2021-09-28 10:03:49.161188-04:00,18.46,2457,18.47,2157,51.57,126,51.61,19
2021-09-28 10:03:49.161188-04:00,18.46,2457,18.47,2157,51.57,126,51.61,19
2021-09-28 10:03:49.161188-04:00,18.46,2457,18.47,2157,51.57,126,51.61,19
2021-09-28 10:03:49.161188-04:00,18.46,2457,18.47,2157,51.56,80,51.6,91
2021-09-28 10:03:49.161188-04:00,18.46,3821,18.47,356,51.56,80,51.6,91
2021-09-28 10:03:49.161188-04:00,18.46,3821,18.47,356,51.56,80,51.6,91
2021-09-28 10:03:59.183393-04:00,18.46,3821,18.47,356,51.56,80,51.6,91
2021-09-28 10:03:59.183393-04:00,18.46,3821,18.47,356,51.57,120,51.61,19
2021-09-28 10:03:59.183393-04:00,18.46,3821,18.47,356,51.57,120,51.61,19
2021-09-28 10:03:59.183393-04:00,18.46,3821,18.47,356,51.57,120,51.61,19
2021-09-28 10:04:08.955366-04:00,18.46,3821,18.47,356,51.57,120,51.61,19
2021-09-28 10:04:08.955366-04:00,18.46,2394,18.47,1934,51.57,120,51.61,19
2021-09-28 10:04:08.955366-04:00,18.46,2394,18.47,1934,51.59,162,51.63,73
2021-09-28 10:04:08.955366-04:00,18.46,2394,18.47,1934,51.59,162,51.63,73
2021-09-28 10:04:08.955366-04:00,18.45,3287,18.46,1020,51.59,162,51.63,73
2021-09-28 10:04:08.955366-04:00,18.45,3287,18.46,1020,51.59,162,51.63,73
2021-09-28 10:04:22.285725-04:00,18.45,3287,18.46,1020,51.59,162,51.63,73
2021-09-28 10:04:22.285725-04:00,18.45,3287,18.46,1020,51.59,162,51.63,73
2021-09-28 10:04:26.241147-04:00,18.45,3287,18.46,1020,51.59,162,51.63,73
2021-09-28 10:04:26.241147-04:00,18.45,3287,18.46,1020,51.58,168,51.62,73
2021-09-28 10:04:26.241147-04:00,18.45,3287,18.46,1020,51.58,168,51.62,73
2021-09-28 10:04:26.241147-04:00,18.46,630,18.47,2774,51.58,168,51.62,73
2021-09-28 10:04:26.241147-04:00,18.46,630,18.47,2774,51.59,186,51.63,55
2021-09-28 10:04:37.267668-04:00,18.46,630,18.47,2774,51.59,186,51.63,55
2021-09-28 10:04:37.267668-04:00,18.46,630,18.47,2774,51.59,186,51.63,55
2021-09-28 10:04:37.267668-04:00,18.46,630,18.47,2774,51.59,186,51.63,55
2021-09-28 10:04:37.267668-04:00,18.45,2899,18.46,1133,51.59,186,51.63,55
2021-09-28 10:04:37.267668-04:00,18.45,2899,18.46,1133,51.59,186,51.63,55
2021-09-28 10:04:37.267668-04:00,18.45,2899,18.46,1133,51.59,186,51.63,55
2021-09-28 10:04:37.267668-04:00,18.45,2899,18.46,1133,51.59,186,51.63,55
2021-09-28 10:04:49.094049-04:00,18.45,2899,18.46,1133,51.59,186,51.63,55
2021-09-28 10:04:49.094049-04:00,18.45,2899,18.46,1133,51.58,138,51.62,34
2021-09-28 10:04:49.094049-04:00,18.45,3640,18.46,508,51.58,138,51.62,34
2021-09-28 10:04:57.057796-04:00,18.45,3640,18.46,508,51.58,138,51.62,34
2021-09-28 10:04:57.057796-04:00,18.45,3640,18.46,508,51.58,138,51.62,34
2021-09-28 10:04:57.057796-04:00,18.45,3640,18.46,508,51.57,90,51.6,24
2021-09-28 10:04:57.057796-04:00,18.45,3640,18.46,508,51.57,90,51.6,24
2021-09-28 10:04:57.057796-04:00,18.46,3549,18.47,988,51.57,90,51.6,24
2021-09-28 10:04:57.057796-04:00,18.46,3549,18.47,988,51.57,90,51.6,24
2021-09-28 10:04:57.057796-04:00,18.46,3549,18.47,988,51.57,90,51.6,24
2021-09-28 10:04:57.057796-04:00,18.46,3549,18.47,988,51.57,90,51.6,24
2021-09-28 10:05:07.079036-04:00,18.46,3549,18.47,988,51.57,90,51.6,24
2021-09-28 10:05:07.079036-04:00,18.46,3549,18.47,988,51.57,18,51.61,118
2021-09-28 10:05:07.079036-04:00,18.46,1677,18.47,984,51.57,18,51.61,118
2021-09-28 10:05:09.084740-04:00,18.46,1677,18.47,984,51.57,18,51.61,118
2021-09-28 10:05:09.084740-04:00,18.46,1677,18.47,984,51.57,18,51.61,118
2021-09-28 10:05:09.084740-04:00,18.46,1677,18.47,984,51.55,18,51.6,64
2021-09-28 10:05:09.084740-04:00,18.46,1677,18.47,984,51.55,18,51.6,64
2021-09-28 10:05:09.084740-04:00,18.46,1677,18.47,984,51.55,18,51.6,64
2021-09-28 10:05:09.084740-04:00,18.46,3479,18.47,464,51.55,18,51.6,64
2021-09-28 10:05:19.073033-04:00,18.46,3479,18.47,464,51.55,18,51.6,64
2021-09-28 10:05:19.073033-04:00,18.46,3479,18.47,464,51.55,18,51.6,64
2021-09-28 10:05:22.079038-04:00,18.46,3479,18.47,464,51.55,36,51.59,100
2021-09-28 10:05:22.079038-04:00,18.46,3479,18.47,464,51.55,36,51.59,100
2021-09-28 10:05:22.079038-04:00,18.47,2381,18.48,872,51.55,36,51.59,100
2021-09-28 10:05:22.079038-04:00,18.47,2381,18.48,872,51.55,36,51.59,100
2021-09-28 10:05:29.256847-04:00,18.47,2381,18.48,872,51.55,36,51.59,100
2021-09-28 10:05:29.256847-04:00,18.47,2381,18.48,872,51.55,36,51.59,100
2021-09-28 10:05:29.256847-04:00,18.47,2381,18.48,872,51.55,36,51.59,100
2021-09-28 10:05:38.111173-04:00,18.47,2381,18.48,872,51.55,36,51.59,100
2021-09-28 10:05:38.111173-04:00,18.47,2381,18.48,872,51.55,126,51.59,109
2021-09-28 10:05:38.111173-04:00,18.47,2381,18.48,872,51.55,126,51.59,109
2021-09-28 10:05:38.111173-04:00,18.47,727,18.48,2806,51.55,126,51.59,109
2021-09-28 10:05:38.111173-04:00,18.47,727,18.48,2806,51.55,126,51.59,109
2021-09-28 10:05:38.111173-04:00,18.47,727,18.48,2806,51.56,90,51.6,37
2021-09-28 10:05:38.111173-04:00,18.47,727,18.48,2806,51.56,90,51.6,37
2021-09-28 10:05:46.042967-04:00,18.47,727,18.48,2806,51.56,90,51.6,37
2021-09-28 10:05:46.042967-04:00,18.47,727,18.48,2806,51.56,90,51.6,37
2021-09-28 10:05:46.042967-04:00,18.47,727,18.48,2806,51.56,90,51.6,37
2021-09-28 10:05:46.042967-04:00,18.46,3697,18.47,891,51.56,90,51.6,37
2021-09-28 10:05:52.052900-04:00,18.46,3697,18.47,891,51.56,90,51.6,37
2021-09-28 10:05:56.059188-04:00,18.46,3697,18.47,891,51.56,90,51.6,37
2021-09-28 10:05:56.059188-04:00,18.46,3697,18.47,891,51.55,108,51.59,54
2021-09-28 10:05:57.062507-04:00,18.46,3697,18.47,891,51.55,108,51.59,54
2021-09-28 10:05:57.062507-04:00,18.46,3697,18.47,891,51.55,108,51.59,54
2021-09-28 10:05:57.062507-04:00,18.47,1406,18.48,2213,51.55,108,51.59,54
2021-09-28 10:05:57.062507-04:00,18.47,1406,18.48,2213,51.55,108,51.59,54
2021-09-28 10:05:57.062507-04:00,18.47,1406,18.48,2213,51.55,156,51.59,19
2021-09-28 10:05:57.062507-04:00,18.47,575,18.48,2790,51.55,156,51.59,19
2021-09-28 10:06:09.393537-04:00,18.47,575,18.48,2790,51.55,156,51.59,19
2021-09-28 10:06:09.393537-04:00,18.47,575,18.48,2790,51.55,156,51.59,19
2021-09-28 10:06:09.393537-04:00,18.47,575,18.48,2790,51.53,126,51.57,149
2021-09-28 10:06:09.393537-04:00,18.47,575,18.48,2790,51.53,126,51.57,149
2021-09-28 10:06:09.393537-04:00,18.47,575,18.48,2790,51.53,126,51.57,149
2021-09-28 10:06:09.393537-04:00,18.47,575,18.48,2790,51.53,126,51.57,149
2021-09-28 10:06:09.393537-04:00,18.47,2985,18.48,260,51.53,126,51.57,149
2021-09-28 10:06:19.108562-04:00,18.47,2985,18.48,260,51.53,126,51.57,149
2021-09-28 10:06:19.108562-04:00,18.47,2985,18.48,260,51.51,96,51.56,145
2021-09-28 10:06:19.108562-04:00,18.47,2985,18.48,260,51.51,96,51.56,145
2021-09-28 10:06:19.108562-04:00,18.47,2985,18.48,260,51.51,96,51.56,145
2021-09-28 10:06:19.108562-04:00,18.48,838,18.49,1720,51.51,96,51.56,145
2021-09-28 10:06:19.108562-04:00,18.48,838,18.49,1720,51.51,96,51.56,145
2021-09-28 10:06:29.129772-04:00,18.48,838,18.49,1720,51.51,96,51.56,145
2021-09-28 10:06:29.129772-04:00,18.48,838,18.49,1720,51.51,96,51.56,145
2021-09-28 10:06:37.145341-04:00,18.48,838,18.49,1720,51.51,96,51.56,145
2021-09-28 10:06:37.145341-04:00,18.48,838,18.49,1720,51.51,150,51.56,174
2021-09-28 10:06:37.145341-04:00,18.48,838,18.49,1720,51.51,150,51.56,174
2021-09-28 10:06:37.145341-04:00,18.48,838,18.49,1720,51.51,150,51.56,174
2021-09-28 10:06:37.145341-04:00,18.48,1415,18.49,1707,51.51,150,51.56,174
2021-09-28 10:06:37.145341-04:00,18.48,1415,18.49,1707,51.51,150,51.56,174
2021-09-28 10:06:37.145341-04:00,18.48,1415,18.49,1707,51.51,150,51.56,174
2021-09-28 10:06:37.145341-04:00,18.48,1415,18.49,1707,51.51,150,51.56,174
2021-09-28 10:06:37.145341-04:00,18.48,1415,18.49,1707,51.5,98,51.54,37
2021-09-28 10:06:49.571118-04:00,18.48,1415,18.49,1707,51.5,98,51.54,37
2021-09-28 10:06:49.571118-04:00,18.48,3325,18.49,293,51.5,98,51.54,37
2021-09-28 10:06:50.168521-04:00,18.48,3325,18.49,293,51.5,98,51.54,37
2021-09-28 10:06:50.168521-04:00,18.48,3325,18.49,293,51.49,18,51.53,19
2021-09-28 10:06:58.185093-04:00,18.48,3325,18.49,293,51.49,18,51.53,19
2021-09-28 10:06:58.185093-04:00,18.48,3325,18.49,293,51.49,18,51.53,19
2021-09-28 10:06:58.185093-04:00,18.49,1635,18.5,1432,51.49,18,51.53,19
2021-09-28 10:06:58.185093-04:00,18.49,1635,18.5,1432,51.49,18,51.53,19
2021-09-28 10:07:08.204300-04:00,18.49,1635,18.5,1432,51.49,18,51.53,19
2021-09-28 10:07:08.204300-04:00,18.49,1635,18.5,1432,51.44,145,51.48,109
2021-09-28 10:07:08.204300-04:00,18.49,1635,18.5,1432,51.44,145,51.48,109
2021-09-28 10:07:08.204300-04:00,18.51,190,18.52,3406,51.44,145,51.48,109
2021-09-28 10:07:09.207634-04:00,18.51,190,18.52,3406,51.44,145,51.48,109
2021-09-28 10:07:09.207634-04:00,18.51,190,18.52,3406,51.44,145,51.48,109
2021-09-28 10:07:19.226850-04:00,18.51,190,18.52,3406,51.44,145,51.48,109
2021-09-28 10:07:19.226850-04:00,18.51,190,18.52,3406,51.46,126,51.5,169
2021-09-28 10:07:19.226850-04:00,18.51,190,18.52,3406,51.46,126,51.5,169
2021-09-28 10:07:19.226850-04:00,18.5,1216,18.51,2998,51.46,126,51.5,169
2021-09-28 10:07:19.226850-04:00,18.5,1216,18.51,2998,51.46,126,51.5,169
2021-09-28 10:07:26.239103-04:00,18.5,1216,18.51,2998,51.46,126,51.5,169
2021-09-28 10:07:26.239103-04:00,18.5,1216,18.51,2998,51.46,54,51.5,154
2021-09-28 10:07:26.239103-04:00,18.5,1216,18.51,2998,51.46,54,51.5,154
2021-09-28 10:07:26.239103-04:00,18.5,1258,18.51,3130,51.46,54,51.5,154
2021-09-28 10:07:26.239103-04:00,18.5,1258,18.51,3130,51.46,54,51.5,154
2021-09-28 10:07:38.264951-04:00,18.5,1258,18.51,3130,51.48,90,51.52,73
2021-09-28 10:07:38.264951-04:00,18.5,1258,18.51,3130,51.48,90,51.52,73
2021-09-28 10:07:38.264951-04:00,18.49,3029,18.5,1254,51.48,90,51.52,73
2021-09-28 10:07:43.007272-04:00,18.49,3029,18.5,1254,51.48,90,51.52,73
2021-09-28 10:07:43.007272-04:00,18.49,3029,18.5,1254,51.48,90,51.52,73
2021-09-28 10:07:43.007272-04:00,18.49,3029,18.5,1254,51.48,90,51.52,73
2021-09-28 10:07:49.290473-04:00,18.49,3029,18.5,1254,51.48,90,51.52,73
2021-09-28 10:07:49.290473-04:00,18.49,3029,18.5,1254,51.5,18,51.53,74
2021-09-28 10:07:49.290473-04:00,18.48,4164,18.49,620,51.5,18,51.53,74
2021-09-28 10:07:49.290473-04:00,18.48,4164,18.49,620,51.5,18,51.53,74
2021-09-28 10:07:49.290473-04:00,18.48,4164,18.49,620,51.5,18,51.53,74
2021-09-28 10:07:59.311679-04:00,18.48,4164,18.49,620,51.5,18,51.53,74
2021-09-28 10:07:59.311679-04:00,18.48,4164,18.49,620,51.51,126,51.56,20
2021-09-28 10:07:59.311679-04:00,18.48,4164,18.49,620,51.51,126,51.56,20
2021-09-28 10:07:59.311679-04:00,18.48,2164,18.49,2048,51.51,126,51.56,20
2021-09-28 10:07:59.312679-04:00,18.48,2164,18.49,2048,51.51,126,51.56,20
2021-09-28 10:08:09.770719-04:00,18.48,2164,18.49,2048,51.51,126,51.56,20
2021-09-28 10:08:09.802632-04:00,18.48,2164,18.49,2048,51.51,126,51.56,20
2021-09-28 10:08:09.802632-04:00,18.48,2164,18.49,2048,51.5,174,51.55,145
2021-09-28 10:08:09.802632-04:00,18.48,2164,18.49,2048,51.5,174,51.55,145
2021-09-28 10:08:09.802632-04:00,18.48,1163,18.49,1068,51.5,174,51.55,145
2021-09-28 10:08:09.802632-04:00,18.48,1163,18.49,1068,51.5,174,51.55,145
2021-09-28 10:08:09.802632-04:00,18.48,1163,18.49,1068,51.5,174,51.55,145
2021-09-28 10:08:19.106818-04:00,18.48,1163,18.49,1068,51.5,174,51.55,145
2021-09-28 10:08:19.106818-04:00,18.48,1163,18.49,1068,51.55,11,51.6,12
2021-09-28 10:08:19.106818-04:00,18.47,217,18.48,2772,51.55,11,51.6,12
2021-09-28 10:08:19.106818-04:00,18.47,217,18.48,2772,51.55,11,51.6,12
2021-09-28 10:08:23.229796-04:00,18.47,217,18.48,2772,51.55,11,51.6,12
2021-09-28 10:08:29.130022-04:00,18.47,217,18.48,2772,51.55,11,51.6,12
2021-09-28 10:08:29.130022-04:00,18.47,217,18.48,2772,51.56,29,51.6,75
2021-09-28 10:08:29.130022-04:00,18.46,2206,18.47,1021,51.56,29,51.6,75
2021-09-28 10:08:29.130022-04:00,18.46,2206,18.47,1021,51.56,29,51.6,75
2021-09-28 10:08:29.130022-04:00,18.46,2206,18.47,1021,51.56,29,51.6,75
2021-09-28 10:08:38.149920-04:00,18.46,2206,18.47,1021,51.56,29,51.6,75
2021-09-28 10:08:38.149920-04:00,18.46,2206,18.47,1021,51.56,29,51.6,75
2021-09-28 10:08:39.151273-04:00,18.46,2206,18.47,1021,51.54,109,51.59,91
2021-09-28 10:08:39.151273-04:00,18.46,2206,18.47,1021,51.54,109,51.59,91
2021-09-28 10:08:39.151273-04:00,18.47,144,18.48,3756,51.54,109,51.59,91
2021-09-28 10:08:50.040116-04:00,18.47,144,18.48,3756,51.54,109,51.59,91
2021-09-28 10:08:50.040116-04:00,18.47,144,18.48,3756,51.59,44,51.65,116
2021-09-28 10:08:50.040116-04:00,18.45,2995,18.46,1095,51.59,44,51.65,116
2021-09-28 10:08:50.040116-04:00,18.45,2995,18.46,1095,51.59,44,51.65,116
2021-09-28 10:08:50.040116-04:00,18.45,2995,18.46,1095,51.59,44,51.65,116
2021-09-28 10:08:58.190344-04:00,18.45,2995,18.46,1095,51.59,44,51.65,116
2021-09-28 10:08:58.190344-04:00,18.45,2995,18.46,1095,51.58,70,51.62,55
2021-09-28 10:08:58.190344-04:00,18.45,2995,18.46,1095,51.58,70,51.62,55
2021-09-28 10:08:58.190344-04:00,18.45,3342,18.46,1229,51.58,70,51.62,55
2021-09-28 10:09:04.203249-04:00,18.45,3342,18.46,1229,51.58,70,51.62,55
2021-09-28 10:09:04.203249-04:00,18.45,3342,18.46,1229,51.58,70,51.62,55
2021-09-28 10:09:04.203249-04:00,18.45,3342,18.46,1229,51.58,70,51.62,55
2021-09-28 10:09:08.212530-04:00,18.45,3342,18.46,1229,51.58,70,51.62,55
2021-09-28 10:09:08.212530-04:00,18.45,3342,18.46,1229,51.58,70,51.62,55
2021-09-28 10:09:08.212530-04:00,18.46,4139,18.47,431,51.57,8,51.6,90
2021-09-28 10:09:08.212530-04:00,18.46,4139,18.47,431,51.57,8,51.6,90
2021-09-28 10:09:08.212530-04:00,18.46,4139,18.47,431,51.57,8,51.6,90
2021-09-28 10:09:08.212530-04:00,18.46,4139,18.47,431,51.57,8,51.6,90
2021-09-28 10:09:19.074489-04:00,18.46,4139,18.47,431,51.57,8,51.6,90
2021-09-28 10:09:19.074489-04:00,18.46,4139,18.47,431,51.55,17,51.59,19
2021-09-28 10:09:19.074489-04:00,18.47,1216,18.48,2437,51.55,17,51.59,19
2021-09-28 10:09:23.051854-04:00,18.47,1216,18.48,2437,51.55,17,51.59,19
2021-09-28 10:09:23.051854-04:00,18.47,1216,18.48,2437,51.55,17,51.59,19
2021-09-28 10:09:30.141899-04:00,18.47,1216,18.48,2437,51.55,17,51.59,19
2021-09-28 10:09:30.141899-04:00,18.47,1216,18.48,2437,51.55,17,51.59,19
2021-09-28 10:09:30.141899-04:00,18.47,1216,18.48,2437,51.56,126,51.61,110
2021-09-28 10:09:30.141899-04:00,18.46,4106,18.47,642,51.56,126,51.61,110
2021-09-28 10:09:38.135527-04:00,18.46,4106,18.47,642,51.56,126,51.61,110
2021-09-28 10:09:38.135527-04:00,18.46,4106,18.47,642,51.57,97,51.61,92
2021-09-28 10:09:38.135527-04:00,18.46,2461,18.47,1864,51.57,97,51.61,92
2021-09-28 10:09:38.135527-04:00,18.46,2461,18.47,1864,51.57,97,51.61,92
2021-09-28 10:09:49.158059-04:00,18.46,2461,18.47,1864,51.58,7,51.62,128
2021-09-28 10:09:49.158059-04:00,18.46,594,18.47,2718,51.58,7,51.62,128
2021-09-28 10:09:49.158059-04:00,18.46,594,18.47,2718,51.58,7,51.62,128
2021-09-28 10:09:49.158059-04:00,18.46,594,18.47,2718,51.58,7,51.62,128
2021-09-28 10:09:49.158059-04:00,18.46,594,18.47,2718,51.58,7,51.62,128
2021-09-28 10:09:59.177270-04:00,18.46,594,18.47,2718,51.58,7,51.62,128
2021-09-28 10:09:59.177270-04:00,18.46,594,18.47,2718,51.58,7,51.62,148
2021-09-28 10:09:59.177270-04:00,18.46,609,18.47,2663,51.58,7,51.62,148
2021-09-28 10:09:59.177270-04:00,18.46,609,18.47,2663,51.58,7,51.62,148
2021-09-28 10:10:10.508084-04:00,18.46,609,18.47,2663,51.58,7,51.62,148
2021-09-28 10:10:10.508084-04:00,18.46,609,18.47,2663,51.58,18,51.62,145
2021-09-28 10:10:10.508084-04:00,18.46,609,18.47,2663,51.58,18,51.62,145
2021-09-28 10:10:10.508084-04:00,18.45,3938,18.46,116,51.58,18,51.62,145
2021-09-28 10:10:10.508084-04:00,18.45,3938,18.46,116,51.58,18,51.62,145
2021-09-28 10:10:10.508084-04:00,18.45,3938,18.46,116,51.58,18,51.62,145
2021-09-28 10:10:19.219792-04:00,18.45,3938,18.46,116,51.53,177,51.58,128
2021-09-28 10:10:19.219792-04:00,18.47,3516,18.48,541,51.53,177,51.58,128
2021-09-28 10:10:19.219792-04:00,18.47,3516,18.48,541,51.53,177,51.58,128
2021-09-28 10:10:19.219792-04:00,18.47,3516,18.48,541,51.53,177,51.58,128
2021-09-28 10:10:19.219792-04:00,18.47,3516,18.48,541,51.53,177,51.58,128
2021-09-28 10:10:29.240001-04:00,18.47,3516,18.48,541,51.53,88,51.57,20
2021-09-28 10:10:29.240001-04:00,18.47,4500,18.48,520,51.53,88,51.57,20
2021-09-28 10:10:38.258068-04:00,18.47,4500,18.48,520,51.54,137,51.59,92
2021-09-28 10:10:38.258068-04:00,18.47,4500,18.48,520,51.54,137,51.59,92
2021-09-28 10:10:38.258068-04:00,18.47,4500,18.48,520,51.54,137,51.59,92
2021-09-28 10:10:38.258068-04:00,18.47,1779,18.48,2506,51.54,137,51.59,92
2021-09-28 10:10:38.258068-04:00,18.47,1779,18.48,2506,51.54,137,51.59,92
2021-09-28 10:10:50.619841-04:00,18.47,1779,18.48,2506,51.54,137,51.59,92
2021-09-28 10:10:50.619841-04:00,18.47,1779,18.48,2506,51.56,146,51.6,110
2021-09-28 10:10:50.619841-04:00,18.47,1779,18.48,2506,51.56,146,51.6,110
2021-09-28 10:10:50.619841-04:00,18.46,3226,18.47,1131,51.56,146,51.6,110
2021-09-28 10:10:55.042017-04:00,18.46,3226,18.47,1131,51.56,146,51.6,110
2021-09-28 10:10:55.042017-04:00,18.46,3226,18.47,1131,51.56,146,51.6,110
2021-09-28 10:10:55.042017-04:00,18.46,3226,18.47,1131,51.56,146,51.6,110
2021-09-28 10:10:55.042017-04:00,18.46,3226,18.47,1131,51.56,146,51.6,110
2021-09-28 10:10:55.042017-04:00,18.46,3226,18.47,1131,51.56,146,51.6,110
2021-09-28 10:10:55.042017-04:00,18.46,3226,18.47,1131,51.56,64,51.6,127
2021-09-28 10:10:55.042017-04:00,18.46,4036,18.47,398,51.56,64,51.6,127
2021-09-28 10:10:55.042017-04:00,18.46,4036,18.47,398,51.56,64,51.6,127
2021-09-28 10:10:55.042017-04:00,18.46,4036,18.47,398,51.56,64,51.6,127
2021-09-28 10:10:55.042017-04:00,18.46,4036,18.47,398,51.56,64,51.6,127
2021-09-28 10:11:08.067192-04:00,18.46,4036,18.47,398,51.56,64,51.6,127
2021-09-28 10:11:08.067192-04:00,18.46,4036,18.47,398,51.56,127,51.6,18
2021-09-28 10:11:08.067192-04:00,18.46,3009,18.47,780,51.56,127,51.6,18
2021-09-28 10:11:08.067192-04:00,18.46,3009,18.47,780,51.56,127,51.6,18
2021-09-28 10:11:08.067192-04:00,18.46,3009,18.47,780,51.56,127,51.6,18
2021-09-28 10:11:19.088725-04:00,18.46,3009,18.47,780,51.57,121,51.6,54
2021-09-28 10:11:19.088725-04:00,18.46,3175,18.47,1571,51.57,121,51.6,54
2021-09-28 10:11:19.088725-04:00,18.46,3175,18.47,1571,51.57,121,51.6,54
2021-09-28 10:11:30.829336-04:00,18.46,3175,18.47,1571,51.57,121,51.6,54
2021-09-28 10:11:30.829336-04:00,18.46,3175,18.47,1571,51.57,121,51.6,54
2021-09-28 10:11:30.829336-04:00,18.46,3175,18.47,1571,51.57,121,51.6,54
2021-09-28 10:11:30.829336-04:00,18.46,3175,18.47,1571,51.59,72,51.63,73
2021-09-28 10:11:30.829336-04:00,18.46,3175,18.47,1571,51.59,72,51.63,73
2021-09-28 10:11:30.829336-04:00,18.45,2912,18.46,865,51.59,72,51.63,73
2021-09-28 10:11:30.829336-04:00,18.45,2912,18.46,865,51.59,72,51.63,73
2021-09-28 10:11:34.236227-04:00,18.45,2912,18.46,865,51.59,72,51.63,73
2021-09-28 10:11:38.243522-04:00,18.45,2912,18.46,865,51.59,72,51.63,73
2021-09-28 10:11:38.243522-04:00,18.45,2912,18.46,865,51.59,72,51.63,73
2021-09-28 10:11:38.243522-04:00,18.45,2912,18.46,865,51.62,100,51.66,27
2021-09-28 10:11:38.243522-04:00,18.44,3192,18.45,1023,51.62,100,51.66,27
2021-09-28 10:11:38.243522-04:00,18.44,3192,18.45,1023,51.62,100,51.66,27
2021-09-28 10:11:47.044982-04:00,18.44,3192,18.45,1023,51.62,100,51.66,27
2021-09-28 10:11:47.044982-04:00,18.44,3192,18.45,1023,51.62,100,51.66,27
2021-09-28 10:11:47.044982-04:00,18.44,3192,18.45,1023,51.63,64,51.69,51
2021-09-28 10:11:47.044982-04:00,18.44,733,18.45,2085,51.63,64,51.69,51
2021-09-28 10:11:54.058231-04:00,18.44,733,18.45,2085,51.63,64,51.69,51
2021-09-28 10:11:54.058231-04:00,18.44,733,18.45,2085,51.63,64,51.69,51
2021-09-28 10:11:59.066841-04:00,18.44,733,18.45,2085,51.63,64,51.69,51
2021-09-28 10:11:59.066841-04:00,18.44,733,18.45,2085,51.61,108,51.66,55
2021-09-28 10:11:59.066841-04:00,18.44,733,18.45,2085,51.61,108,51.66,55
2021-09-28 10:11:59.066841-04:00,18.44,3182,18.45,1171,51.61,108,51.66,55
2021-09-28 10:12:11.007916-04:00,18.44,3182,18.45,1171,51.62,108,51.67,109
2021-09-28 10:12:11.007916-04:00,18.44,3182,18.45,1171,51.62,108,51.67,109
2021-09-28 10:12:11.007916-04:00,18.44,3182,18.45,1171,51.62,108,51.67,109
2021-09-28 10:12:11.007916-04:00,18.44,1694,18.45,1231,51.62,108,51.67,109
2021-09-28 10:12:11.007916-04:00,18.44,1694,18.45,1231,51.62,108,51.67,109
2021-09-28 10:12:11.007916-04:00,18.44,1694,18.45,1231,51.62,108,51.67,109
2021-09-28 10:12:11.007916-04:00,18.44,1694,18.45,1231,51.62,108,51.67,109
2021-09-28 10:12:19.253879-04:00,18.44,1694,18.45,1231,51.62,108,51.66,37
2021-09-28 10:12:19.253879-04:00,18.44,1694,18.45,1231,51.62,108,51.66,37
2021-09-28 10:12:19.253879-04:00,18.44,3618,18.45,1013,51.62,108,51.66,37
2021-09-28 10:12:19.253879-04:00,18.44,3618,18.45,1013,51.62,108,51.66,37
2021-09-28 10:12:19.253879-04:00,18.44,3618,18.45,1013,51.62,108,51.66,37
2021-09-28 10:12:19.253879-04:00,18.44,3618,18.45,1013,51.63,72,51.67,145
2021-09-28 10:12:28.269764-04:00,18.44,3618,18.45,1013,51.63,72,51.67,145
2021-09-28 10:12:28.269764-04:00,18.44,3618,18.45,1013,51.63,72,51.67,145
2021-09-28 10:12:28.269764-04:00,18.44,2531,18.45,1111,51.63,72,51.67,145
2021-09-28 10:12:28.269764-04:00,18.44,2531,18.45,1111,51.63,72,51.67,145
2021-09-28 10:12:28.269764-04:00,18.44,2531,18.45,1111,51.63,72,51.67,145
2021-09-28 10:12:39.293290-04:00,18.44,2531,18.45,1111,51.63,72,51.67,145
2021-09-28 10:12:39.293290-04:00,18.44,4478,18.45,411,51.62,90,51.65,90
2021-09-28 10:12:43.056230-04:00,18.44,4478,18.45,411,51.61,36,51.65,19
2021-09-28 10:12:43.056230-04:00,18.44,4478,18.45,411,51.61,36,51.65,19
2021-09-28 10:12:43.056230-04:00,18.44,4478,18.45,411,51.61,36,51.65,19
2021-09-28 10:12:43.056230-04:00,18.44,4478,18.45,411,51.61,36,51.65,19
2021-09-28 10:12:43.056230-04:00,18.45,920,18.46,2559,51.61,36,51.65,19
2021-09-28 10:12:43.056230-04:00,18.45,920,18.46,2559,51.61,36,51.65,19
2021-09-28 10:12:43.056230-04:00,18.45,920,18.46,2559,51.61,36,51.65,19
2021-09-28 10:12:43.056230-04:00,18.45,920,18.46,2559,51.61,36,51.65,19
2021-09-28 10:12:59.083379-04:00,18.45,920,18.46,2559,51.62,108,51.66,2
2021-09-28 10:12:59.083379-04:00,18.44,4261,18.45,718,51.62,108,51.66,2
2021-09-28 10:12:59.083379-04:00,18.44,4261,18.45,718,51.62,108,51.66,2
2021-09-28 10:13:06.097668-04:00,18.44,4261,18.45,718,51.62,108,51.66,2
2021-09-28 10:13:06.097668-04:00,18.44,4261,18.45,718,51.61,126,51.65,20
2021-09-28 10:13:06.097668-04:00,18.44,4261,18.45,718,51.61,126,51.65,20
2021-09-28 10:13:06.097668-04:00,18.44,4261,18.45,718,51.61,126,51.65,20
2021-09-28 10:13:08.100314-04:00,18.45,43,18.46,3477,51.61,126,51.65,20
2021-09-28 10:13:08.100314-04:00,18.45,43,18.46,3477,51.62,18,51.65,1
2021-09-28 10:13:08.100314-04:00,18.45,43,18.46,3477,51.62,18,51.65,1
2021-09-28 10:13:08.100314-04:00,18.45,43,18.46,3477,51.62,18,51.65,1
2021-09-28 10:13:08.100314-04:00,18.45,43,18.46,3477,51.62,18,51.65,1
2021-09-28 10:13:18.123540-04:00,18.45,43,18.46,3477,51.62,18,51.65,1
2021-09-28 10:13:18.123540-04:00,18.45,43,18.46,3477,51.62,18,51.65,1
2021-09-28 10:13:18.123540-04:00,18.45,372,18.46,2748,51.62,18,51.65,1
2021-09-28 10:13:18.123540-04:00,18.45,372,18.46,2748,51.62,18,51.65,1
2021-09-28 10:13:18.123540-04:00,18.45,372,18.46,2748,51.62,18,51.65,1
2021-09-28 10:13:31.914644-04:00,18.45,372,18.46,2748,51.62,18,51.65,1
2021-09-28 10:13:31.914644-04:00,18.45,372,18.46,2748,51.65,36,51.69,131
2021-09-28 10:13:31.915643-04:00,18.43,3332,18.44,1548,51.65,36,51.69,131
2021-09-28 10:13:31.915643-04:00,18.43,3332,18.44,1548,51.64,144,51.69,177
2021-09-28 10:13:31.915643-04:00,18.43,3332,18.44,1548,51.64,144,51.69,177
2021-09-28 10:13:31.915643-04:00,18.43,3332,18.44,1548,51.64,144,51.69,177
2021-09-28 10:13:38.240732-04:00,18.43,3332,18.44,1548,51.64,144,51.69,177
2021-09-28 10:13:38.240732-04:00,18.43,4254,18.44,203,51.64,144,51.69,177
2021-09-28 10:13:45.308834-04:00,18.43,4254,18.44,203,51.64,144,51.69,177
2021-09-28 10:13:45.308834-04:00,18.43,4254,18.44,203,51.64,144,51.69,177
2021-09-28 10:13:45.308834-04:00,18.43,4254,18.44,203,51.64,126,51.68,3
2021-09-28 10:13:45.308834-04:00,18.43,4254,18.44,203,51.64,126,51.68,3
2021-09-28 10:13:45.308834-04:00,18.43,4254,18.44,203,51.64,126,51.68,3
2021-09-28 10:13:45.308834-04:00,18.44,105,18.45,4795,51.64,126,51.68,3
2021-09-28 10:13:45.308834-04:00,18.44,105,18.45,4795,51.64,126,51.68,3
2021-09-28 10:13:45.308834-04:00,18.44,105,18.45,4795,51.64,126,51.68,3
2021-09-28 10:13:59.149828-04:00,18.44,105,18.45,4795,51.64,126,51.68,3
2021-09-28 10:13:59.149828-04:00,18.44,105,18.45,4795,51.64,126,51.68,3
2021-09-28 10:13:59.149828-04:00,18.44,105,18.45,4795,51.64,90,51.68,57
2021-09-28 10:13:59.149828-04:00,18.44,105,18.45,4795,51.64,90,51.68,57
2021-09-28 10:13:59.149828-04:00,18.44,244,18.45,4490,51.64,90,51.68,57
2021-09-28 10:13:59.149828-04:00,18.44,244,18.45,4490,51.64,90,51.68,57
2021-09-28 10:14:12.193952-04:00,18.44,244,18.45,4490,51.64,90,51.68,57
2021-09-28 10:14:12.193952-04:00,18.44,244,18.45,4490,51.64,90,51.68,57
2021-09-28 10:14:12.193952-04:00,18.44,244,18.45,4490,51.61,72,51.65,123
2021-09-28 10:14:12.193952-04:00,18.45,1636,18.46,2522,51.61,72,51.65,123
2021-09-28 10:14:12.193952-04:00,18.45,1636,18.46,2522,51.61,72,51.65,123
2021-09-28 10:14:12.193952-04:00,18.45,1636,18.46,2522,51.61,72,51.65,123
