time,bid1,bid_size1,ask1,ask_size1,bid2,bid_size2,ask2,ask_size2
2021-10-01 09:30:02.981037-04:00,18.13,310,18.15,791,16.58,51,16.59,1349
2021-10-01 09:30:02.981037-04:00,18.13,310,18.15,791,16.58,51,16.59,1349
2021-10-01 09:30:02.981037-04:00,18.13,310,18.15,791,16.58,51,16.59,1349
2021-10-01 09:30:02.981037-04:00,18.13,315,18.14,57,16.58,51,16.59,1349
2021-10-01 09:30:02.981037-04:00,18.13,315,18.14,57,16.58,51,16.59,1349
2021-10-01 09:30:05.726185-04:00,18.13,315,18.14,57,16.58,51,16.59,1349
2021-10-01 09:30:05.726185-04:00,18.13,315,18.14,57,16.57,841,16.58,684
2021-10-01 09:30:07.729936-04:00,18.13,315,18.14,57,16.57,841,16.58,684
2021-10-01 09:30:07.729936-04:00,18.13,261,18.15,571,16.57,841,16.58,684
2021-10-01 09:30:07.729936-04:00,18.13,261,18.15,571,16.57,841,16.58,684
2021-10-01 09:30:07.729936-04:00,18.13,261,18.15,571,16.57,841,16.58,57
2021-10-01 09:30:07.729936-04:00,18.13,320,18.14,57,16.57,841,16.58,57
2021-10-01 09:30:07.729936-04:00,18.13,320,18.14,57,16.57,841,16.58,126
2021-10-01 09:30:07.729936-04:00,18.13,320,18.14,57,16.57,841,16.58,126
2021-10-01 09:30:07.729936-04:00,18.13,320,18.14,57,16.57,841,16.58,126
2021-10-01 09:30:07.729936-04:00,18.13,320,18.14,57,16.57,841,16.58,126
2021-10-01 09:30:07.729936-04:00,18.14,217,18.16,453,16.57,841,16.58,126
2021-10-01 09:30:07.729936-04:00,18.14,217,18.16,453,16.58,1231,16.59,1351
2021-10-01 09:30:37.867209-04:00,18.14,217,18.16,453,16.58,1231,16.59,1351
2021-10-01 09:30:37.867209-04:00,18.14,299,18.16,757,16.58,1231,16.59,1351
2021-10-01 09:30:37.867209-04:00,18.14,299,18.16,757,16.58,1231,16.59,1351
2021-10-01 09:30:46.958904-04:00,18.14,299,18.16,757,16.58,1231,16.59,1279
2021-10-01 09:30:46.958904-04:00,18.14,299,18.16,757,16.58,1231,16.59,1279
2021-10-01 09:30:46.958904-04:00,18.13,317,18.15,894,16.58,1231,16.59,1279
2021-10-01 09:30:46.958904-04:00,18.13,317,18.15,894,16.58,126,16.59,1413
2021-10-01 09:30:55.096160-04:00,18.13,317,18.15,894,16.58,126,16.59,1413
2021-10-01 09:30:55.096160-04:00,18.13,317,18.15,894,16.58,126,16.59,1413
2021-10-01 09:30:55.096160-04:00,18.13,317,18.15,894,16.58,126,16.59,1413
2021-10-01 09:31:08.516473-04:00,18.13,317,18.15,894,16.58,126,16.59,1413
2021-10-01 09:31:08.516473-04:00,18.13,317,18.15,894,16.58,126,16.59,1413
2021-10-01 09:31:08.516473-04:00,18.12,143,18.13,285,16.58,126,16.59,1413
2021-10-01 09:31:08.516473-04:00,18.12,143,18.13,285,16.57,857,16.58,1501
2021-10-01 09:31:13.847976-04:00,18.12,143,18.13,285,16.57,857,16.58,1501
2021-10-01 09:31:13.847976-04:00,18.12,143,18.13,285,16.57,857,16.58,1501
2021-10-01 09:31:13.847976-04:00,18.12,143,18.13,285,16.57,857,16.58,1462
2021-10-01 09:31:13.847976-04:00,18.12,143,18.13,285,16.57,857,16.58,1462
2021-10-01 09:31:13.847976-04:00,18.13,23,18.14,747,16.57,857,16.58,1462
2021-10-01 09:31:13.847976-04:00,18.13,23,18.14,747,16.57,857,16.58,1462
2021-10-01 09:31:13.847976-04:00,18.13,23,18.14,747,16.57,857,16.58,1462
2021-10-01 09:31:13.847976-04:00,18.13,32,18.14,343,16.57,857,16.58,1462
2021-10-01 09:31:13.847976-04:00,18.13,32,18.14,343,16.57,857,16.58,1462
2021-10-01 09:31:13.847976-04:00,18.13,32,18.14,343,16.57,812,16.58,1174
2021-10-01 09:31:35.951978-04:00,18.13,32,18.14,343,16.57,812,16.58,1174
2021-10-01 09:31:35.951978-04:00,18.13,32,18.14,343,16.57,812,16.58,1174
2021-10-01 09:31:35.951978-04:00,18.13,32,18.14,343,16.57,812,16.58,1174
2021-10-01 09:31:35.951978-04:00,18.13,583,18.14,285,16.57,812,16.58,1174
2021-10-01 09:31:35.951978-04:00,18.13,583,18.14,285,16.57,812,16.58,1174
2021-10-01 09:31:35.951978-04:00,18.13,583,18.14,285,16.57,1316,16.58,850
2021-10-01 09:31:35.951978-04:00,18.13,583,18.14,285,16.57,1316,16.58,850
2021-10-01 09:31:35.951978-04:00,18.13,583,18.14,285,16.57,1316,16.58,1513
2021-10-01 09:31:35.951978-04:00,18.13,583,18.14,285,16.57,1316,16.58,1513
2021-10-01 09:31:45.274473-04:00,18.13,583,18.14,285,16.57,1316,16.58,1513
2021-10-01 09:31:45.274473-04:00,18.13,583,18.14,285,16.57,1316,16.58,1513
2021-10-01 09:31:45.274473-04:00,18.13,87,18.14,342,16.57,1316,16.58,1513
2021-10-01 09:31:55.886192-04:00,18.13,87,18.14,342,16.57,1316,16.58,1513
2021-10-01 09:31:55.886192-04:00,18.13,46,18.14,342,16.57,1316,16.58,1513
2021-10-01 09:31:55.886192-04:00,18.13,46,18.14,342,16.57,1316,16.58,826
2021-10-01 09:31:55.886192-04:00,18.13,46,18.14,342,16.57,1316,16.58,826
2021-10-01 09:31:55.886192-04:00,18.13,46,18.14,342,16.57,1316,16.58,826
2021-10-01 09:32:03.646506-04:00,18.13,46,18.14,342,16.57,1316,16.58,826
2021-10-01 09:32:03.646506-04:00,18.13,46,18.14,342,16.57,1316,16.58,826
2021-10-01 09:32:03.646506-04:00,18.13,410,18.14,228,16.57,1316,16.58,826
2021-10-01 09:32:03.646506-04:00,18.13,410,18.14,228,16.57,1316,16.58,1037
2021-10-01 09:32:03.646506-04:00,18.13,514,18.14,228,16.57,1316,16.58,1037
2021-10-01 09:32:03.646506-04:00,18.13,514,18.14,228,16.57,1442,16.58,1059
2021-10-01 09:32:03.646506-04:00,18.13,217,18.14,228,16.57,1316,16.58,826
2021-10-01 09:32:34.815226-04:00,18.13,217,18.14,228,16.57,1316,16.58,826
2021-10-01 09:32:34.815226-04:00,18.13,217,18.14,228,16.57,1316,16.58,826
2021-10-01 09:32:34.815226-04:00,18.13,217,18.14,228,16.57,1316,16.58,826
2021-10-01 09:32:34.815226-04:00,18.13,287,18.14,322,16.57,1316,16.58,826
2021-10-01 09:32:34.815226-04:00,18.13,287,18.14,322,16.57,1316,16.58,826
2021-10-01 09:32:34.815226-04:00,18.13,287,18.14,322,16.57,1316,16.58,1198
2021-10-01 09:32:38.713804-04:00,18.13,287,18.14,322,16.57,1316,16.58,1198
2021-10-01 09:32:38.713804-04:00,18.13,287,18.14,322,16.57,1316,16.58,1198
2021-10-01 09:32:38.713804-04:00,18.13,292,18.14,319,16.57,1316,16.58,1198
2021-10-01 09:32:38.713804-04:00,18.13,292,18.14,319,16.57,1316,16.58,1198
2021-10-01 09:32:38.713804-04:00,18.13,292,18.14,319,16.57,1316,16.58,1442
2021-10-01 09:32:38.713804-04:00,18.13,57,18.14,681,16.57,832,16.58,1176
2021-10-01 09:32:56.482443-04:00,18.13,57,18.14,681,16.57,832,16.58,1176
2021-10-01 09:32:56.482443-04:00,18.13,57,18.14,681,16.57,832,16.58,1176
2021-10-01 09:32:56.482443-04:00,18.13,57,18.14,681,16.57,832,16.58,1176
2021-10-01 09:32:56.482443-04:00,18.13,57,18.14,681,16.57,832,16.58,1176
2021-10-01 09:33:03.820461-04:00,18.13,57,18.14,681,16.57,832,16.58,1176
2021-10-01 09:33:03.820461-04:00,18.13,57,18.14,681,16.57,832,16.58,1176
2021-10-01 09:33:03.820461-04:00,18.13,57,18.14,681,16.57,832,16.58,1176
2021-10-01 09:33:03.820461-04:00,18.13,57,18.14,681,16.57,832,16.58,1176
2021-10-01 09:33:03.820461-04:00,18.13,57,18.14,681,16.57,832,16.58,1176
2021-10-01 09:33:10.078729-04:00,18.13,57,18.14,681,16.57,832,16.58,1176
2021-10-01 09:33:10.078729-04:00,18.13,382,18.14,228,16.57,832,16.58,1176
2021-10-01 09:33:10.078729-04:00,18.13,382,18.14,228,16.57,1350,16.58,1247
2021-10-01 09:33:10.078729-04:00,18.13,382,18.14,228,16.57,1350,16.58,835
2021-10-01 09:33:10.078729-04:00,18.13,180,18.14,228,16.57,1350,16.58,835
2021-10-01 09:33:10.078729-04:00,18.13,427,18.14,324,16.57,1350,16.58,835
2021-10-01 09:33:29.828207-04:00,18.13,427,18.14,324,16.57,1350,16.58,835
2021-10-01 09:33:29.828207-04:00,18.13,427,18.14,324,16.57,1476,16.58,1225
2021-10-01 09:33:29.828207-04:00,18.13,427,18.14,324,16.57,1350,16.58,1198
2021-10-01 09:33:29.828207-04:00,18.13,199,18.14,299,16.57,1350,16.58,1198
2021-10-01 09:33:44.052297-04:00,18.13,199,18.14,299,16.57,1350,16.58,1198
2021-10-01 09:33:44.052297-04:00,18.13,199,18.14,299,16.57,1350,16.58,1198
2021-10-01 09:33:44.052297-04:00,18.13,199,18.14,299,16.57,1350,16.58,1198
2021-10-01 09:33:57.871395-04:00,18.14,689,18.16,615,16.57,1350,16.58,1198
2021-10-01 09:33:57.871395-04:00,18.14,689,18.16,615,16.57,1350,16.58,1198
2021-10-01 09:33:57.871395-04:00,18.14,689,18.16,615,16.58,1190,16.59,1340
2021-10-01 09:34:04.224049-04:00,18.14,689,18.16,615,16.58,1190,16.59,1340
2021-10-01 09:34:04.224049-04:00,18.14,689,18.16,615,16.58,1190,16.59,1340
2021-10-01 09:34:04.224049-04:00,18.14,460,18.15,342,16.58,1190,16.59,1340
2021-10-01 09:34:04.224049-04:00,18.14,460,18.15,342,16.58,1190,16.59,1340
2021-10-01 09:34:04.224049-04:00,18.14,460,18.15,342,16.58,616,16.59,1470
2021-10-01 09:34:04.224049-04:00,18.13,614,18.15,719,16.58,616,16.59,1470
2021-10-01 09:34:04.224049-04:00,18.13,614,18.15,719,16.58,582,16.59,1344
2021-10-01 09:34:18.844155-04:00,18.13,614,18.15,719,16.58,582,16.59,1344
2021-10-01 09:34:18.844155-04:00,18.13,614,18.15,719,16.58,582,16.59,1344
2021-10-01 09:34:18.844155-04:00,18.14,400,18.15,844,16.58,582,16.59,1344
2021-10-01 09:34:18.844155-04:00,18.14,400,18.15,844,16.58,587,16.59,1344
2021-10-01 09:34:18.844155-04:00,18.14,486,18.16,753,16.58,587,16.59,1344
2021-10-01 09:34:34.751629-04:00,18.14,486,18.16,753,16.58,587,16.59,1344
2021-10-01 09:34:34.751629-04:00,18.14,486,18.16,753,16.58,587,16.59,1344
2021-10-01 09:34:34.751629-04:00,18.14,486,18.16,753,16.58,802,16.59,1178
2021-10-01 09:34:34.751629-04:00,18.14,486,18.16,753,16.58,802,16.59,1178
2021-10-01 09:34:34.751629-04:00,18.14,486,18.16,753,16.58,802,16.59,1178
2021-10-01 09:34:34.751629-04:00,18.14,486,18.16,753,16.58,1082,16.59,1318
2021-10-01 09:34:34.751629-04:00,18.14,486,18.16,753,16.58,1082,16.59,1318
2021-10-01 09:34:34.751629-04:00,18.14,602,18.16,901,16.58,1082,16.59,1318
2021-10-01 09:34:48.184769-04:00,18.14,602,18.16,901,16.58,1082,16.59,1318
2021-10-01 09:34:48.184769-04:00,18.14,602,18.16,901,16.58,1082,16.59,1318
2021-10-01 09:34:48.997599-04:00,18.14,602,18.16,901,16.58,1082,16.59,1318
2021-10-01 09:34:50.857670-04:00,18.14,602,18.16,901,16.58,1082,16.59,1318
2021-10-01 09:34:50.857670-04:00,18.14,602,18.16,901,16.58,1082,16.59,1318
2021-10-01 09:35:07.763797-04:00,18.14,602,18.16,901,16.58,1082,16.59,1318
2021-10-01 09:35:07.763797-04:00,18.14,489,18.15,63,16.58,1082,16.59,1318
2021-10-01 09:35:07.763797-04:00,18.14,489,18.15,63,16.58,1082,16.59,1318
2021-10-01 09:35:07.763797-04:00,18.14,489,18.15,63,16.58,803,16.59,1243
2021-10-01 09:35:13.996210-04:00,18.14,489,18.15,63,16.58,803,16.59,1243
2021-10-01 09:35:13.996210-04:00,18.14,489,18.15,63,16.58,803,16.59,1243
2021-10-01 09:35:13.996210-04:00,18.14,489,18.15,63,16.58,803,16.59,1243
2021-10-01 09:35:13.996210-04:00,18.14,489,18.15,63,16.58,798,16.59,1201
2021-10-01 09:35:13.996210-04:00,18.14,498,18.16,1175,16.58,798,16.59,1201
2021-10-01 09:35:13.996210-04:00,18.14,498,18.16,1175,16.58,798,16.59,1201
2021-10-01 09:35:13.996210-04:00,18.14,498,18.16,1175,16.58,1377,16.59,1402
2021-10-01 09:35:13.996210-04:00,18.14,498,18.16,1175,16.58,1377,16.59,1402
2021-10-01 09:35:13.996210-04:00,18.15,430,18.16,391,16.58,1377,16.59,1402
2021-10-01 09:35:13.996210-04:00,18.15,430,18.16,391,16.58,1377,16.59,1402
2021-10-01 09:35:26.803137-04:00,18.15,430,18.16,391,16.58,1377,16.59,1402
2021-10-01 09:35:30.809532-04:00,18.15,430,18.16,391,16.58,1377,16.59,1402
2021-10-01 09:35:30.809532-04:00,18.15,430,18.16,391,16.58,1377,16.59,1250
2021-10-01 09:35:30.809532-04:00,18.15,430,18.16,391,16.58,1377,16.59,1250
2021-10-01 09:35:30.809532-04:00,18.15,554,18.16,378,16.58,1377,16.59,1250
2021-10-01 09:35:30.809532-04:00,18.15,554,18.16,378,16.58,1377,16.59,1250
2021-10-01 09:35:46.010639-04:00,18.15,554,18.16,378,16.58,1377,16.59,1250
2021-10-01 09:35:46.010639-04:00,18.15,554,18.16,378,16.58,1377,16.59,1347
2021-10-01 09:35:46.010639-04:00,18.15,554,18.16,378,16.58,1377,16.59,1347
2021-10-01 09:35:46.010639-04:00,18.15,496,18.16,414,16.58,1377,16.59,1347
2021-10-01 09:35:52.140709-04:00,18.15,496,18.16,414,16.58,1377,16.59,1347
2021-10-01 09:35:52.140709-04:00,18.15,496,18.16,414,16.58,1691,16.59,1375
2021-10-01 09:35:52.140709-04:00,18.15,496,18.16,414,16.58,1691,16.59,1375
2021-10-01 09:35:52.140709-04:00,18.15,649,18.16,317,16.58,1691,16.59,1375
2021-10-01 09:35:52.140709-04:00,18.15,649,18.16,317,16.58,1691,16.59,1375
2021-10-01 09:35:52.140709-04:00,18.15,649,18.16,317,16.58,1691,16.59,1375
2021-10-01 09:36:05.513089-04:00,18.15,649,18.16,317,16.58,1487,16.59,1375
2021-10-01 09:36:05.513089-04:00,18.15,649,18.16,317,16.58,1487,16.59,1375
2021-10-01 09:36:05.513089-04:00,18.15,125,18.16,515,16.58,1487,16.59,1375
2021-10-01 09:36:19.060962-04:00,18.15,125,18.16,515,16.58,1487,16.59,1375
2021-10-01 09:36:19.060962-04:00,18.15,125,18.16,515,16.58,1627,16.59,1375
2021-10-01 09:36:19.060962-04:00,18.15,459,18.16,485,16.58,1627,16.59,1375
2021-10-01 09:36:19.060962-04:00,18.15,459,18.16,485,16.58,1627,16.59,1375
2021-10-01 09:36:22.662333-04:00,18.15,459,18.16,485,16.58,1627,16.59,1375
2021-10-01 09:36:22.662333-04:00,18.15,314,18.16,951,16.58,1627,16.59,1375
2021-10-01 09:36:22.662333-04:00,18.15,314,18.16,951,16.58,1909,16.59,1375
2021-10-01 09:36:32.601328-04:00,18.15,314,18.16,951,16.58,1909,16.59,1375
2021-10-01 09:36:32.601328-04:00,18.15,314,18.16,951,16.58,1909,16.59,1375
2021-10-01 09:36:32.601328-04:00,18.15,707,18.16,121,16.58,1909,16.59,1375
2021-10-01 09:36:32.601328-04:00,18.15,707,18.16,121,16.58,1909,16.59,1375
2021-10-01 09:36:46.845247-04:00,18.15,707,18.16,121,16.58,1909,16.59,1375
2021-10-01 09:36:46.845247-04:00,18.15,707,18.16,121,16.58,1777,16.59,611
2021-10-01 09:36:46.845247-04:00,18.15,529,18.17,339,16.58,1777,16.59,611
2021-10-01 09:36:46.845247-04:00,18.15,499,18.17,466,16.58,1777,16.59,611
2021-10-01 09:36:59.693166-04:00,18.15,499,18.17,466,16.58,1777,16.59,611
2021-10-01 09:36:59.693166-04:00,18.15,499,18.17,466,16.58,1777,16.59,611
2021-10-01 09:37:13.101047-04:00,18.16,381,18.17,30,16.58,1777,16.59,611
2021-10-01 09:37:13.101047-04:00,18.16,381,18.17,30,16.58,1777,16.59,611
2021-10-01 09:37:13.101047-04:00,18.16,381,18.17,30,16.58,1777,16.59,611
2021-10-01 09:37:13.101047-04:00,18.16,381,18.17,30,16.59,864,16.6,1447
2021-10-01 09:37:18.052810-04:00,18.16,381,18.17,30,16.59,864,16.6,1447
2021-10-01 09:37:18.052810-04:00,18.16,381,18.17,30,16.59,864,16.6,1447
2021-10-01 09:37:18.052810-04:00,18.16,381,18.17,30,16.59,864,16.6,1447
2021-10-01 09:37:18.052810-04:00,18.16,381,18.17,30,16.59,864,16.6,1447
2021-10-01 09:37:18.052810-04:00,18.16,381,18.17,30,16.59,1046,16.6,993
2021-10-01 09:37:26.812391-04:00,18.16,381,18.17,30,16.59,1046,16.6,993
2021-10-01 09:37:26.812391-04:00,18.16,381,18.17,30,16.59,1046,16.6,993
2021-10-01 09:37:26.812391-04:00,18.17,315,18.18,686,16.59,1046,16.6,993
2021-10-01 09:37:26.812391-04:00,18.17,315,18.18,686,16.59,1046,16.6,993
2021-10-01 09:37:26.812391-04:00,18.17,315,18.18,686,16.59,1046,16.6,993
2021-10-01 09:37:26.812391-04:00,18.16,467,18.18,1185,16.59,1046,16.6,993
2021-10-01 09:37:26.812391-04:00,18.16,467,18.18,1185,16.59,910,16.6,1553
2021-10-01 09:37:39.996143-04:00,18.16,467,18.18,1185,16.59,910,16.6,1553
2021-10-01 09:37:39.996143-04:00,18.16,467,18.18,1185,16.59,910,16.6,1553
2021-10-01 09:37:39.996143-04:00,18.17,390,18.18,325,16.59,910,16.6,1553
2021-10-01 09:37:39.996143-04:00,18.17,390,18.18,325,16.59,1469,16.6,1413
2021-10-01 09:37:47.842165-04:00,18.17,390,18.18,325,16.59,1469,16.6,1413
2021-10-01 09:37:53.564864-04:00,18.17,390,18.18,325,16.59,1469,16.6,1413
2021-10-01 09:37:53.564864-04:00,18.17,85,18.18,325,16.59,1469,16.6,1413
2021-10-01 09:38:08.034186-04:00,18.17,85,18.18,325,16.59,1469,16.6,1413
2021-10-01 09:38:08.034186-04:00,18.17,85,18.18,325,16.59,1469,16.6,1413
2021-10-01 09:38:08.034186-04:00,18.17,85,18.18,325,16.59,1469,16.6,1413
2021-10-01 09:38:08.034186-04:00,18.17,85,18.18,325,16.59,1590,16.6,836
2021-10-01 09:38:08.034186-04:00,18.17,514,18.19,774,16.59,1590,16.6,836
2021-10-01 09:38:08.034186-04:00,18.17,514,18.19,774,16.59,1590,16.6,836
2021-10-01 09:38:14.943707-04:00,18.17,514,18.19,774,16.59,1590,16.6,836
2021-10-01 09:38:14.943707-04:00,18.17,514,18.19,774,16.59,1590,16.6,836
2021-10-01 09:38:14.943707-04:00,18.17,536,18.18,15,16.59,1590,16.6,836
2021-10-01 09:38:14.943707-04:00,18.17,536,18.18,15,16.59,1631,16.6,679
2021-10-01 09:38:20.652442-04:00,18.17,536,18.18,15,16.59,1631,16.6,679
2021-10-01 09:38:20.652442-04:00,18.17,536,18.19,1060,16.59,1631,16.6,679
2021-10-01 09:38:20.652442-04:00,18.17,536,18.19,1060,16.59,1631,16.6,679
2021-10-01 09:38:20.652442-04:00,18.17,536,18.19,1060,16.59,1631,16.6,894
2021-10-01 09:38:20.652442-04:00,18.17,536,18.19,1060,16.59,1631,16.6,894
2021-10-01 09:38:37.772975-04:00,18.17,536,18.19,1060,16.59,1631,16.6,894
2021-10-01 09:38:37.772975-04:00,18.17,536,18.19,1060,16.59,1631,16.6,894
2021-10-01 09:38:37.772975-04:00,18.17,405,18.18,308,16.59,1631,16.6,894
2021-10-01 09:38:37.772975-04:00,18.17,405,18.18,308,16.59,1760,16.6,1533
2021-10-01 09:38:37.772975-04:00,18.17,405,18.18,308,16.59,1591,16.6,1537
2021-10-01 09:38:47.867680-04:00,18.17,405,18.18,308,16.59,1591,16.6,1537
2021-10-01 09:38:47.867680-04:00,18.17,405,18.18,308,16.59,1591,16.6,1537
2021-10-01 09:38:47.867680-04:00,18.17,79,18.18,385,16.59,1591,16.6,1537
2021-10-01 09:38:47.867680-04:00,18.17,383,18.18,464,16.59,1591,16.6,1537
2021-10-01 09:38:47.867680-04:00,18.17,383,18.18,464,16.59,1422,16.6,1537
2021-10-01 09:38:47.867680-04:00,18.17,383,18.18,464,16.59,1422,16.6,1537
2021-10-01 09:39:03.949682-04:00,18.17,383,18.18,464,16.59,1422,16.6,1537
2021-10-01 09:39:03.949682-04:00,18.17,10,18.18,1051,16.59,1422,16.6,1537
2021-10-01 09:39:03.949682-04:00,18.17,10,18.18,1051,16.59,1422,16.6,1537
2021-10-01 09:39:03.949682-04:00,18.17,10,18.18,1051,16.59,1422,16.6,1537
2021-10-01 09:39:03.949682-04:00,18.17,10,18.18,1051,16.59,1422,16.6,1537
2021-10-01 09:39:03.949682-04:00,18.17,10,18.18,1051,16.59,1422,16.6,1537
2021-10-01 09:39:03.949682-04:00,18.17,10,18.18,1051,16.59,1101,16.6,1814
2021-10-01 09:39:15.828924-04:00,18.17,10,18.18,1051,16.59,1101,16.6,1814
2021-10-01 09:39:15.828924-04:00,18.17,10,18.18,1051,16.59,1101,16.6,1814
2021-10-01 09:39:15.828924-04:00,18.17,174,18.18,455,16.59,1101,16.6,1814
2021-10-01 09:39:15.828924-04:00,18.17,174,18.18,455,16.59,839,16.6,1950
2021-10-01 09:39:15.828924-04:00,18.16,252,18.17,856,16.59,839,16.6,1950
2021-10-01 09:39:15.828924-04:00,18.16,252,18.17,856,16.59,839,16.6,1950
2021-10-01 09:39:15.828924-04:00,18.16,252,18.17,856,16.59,839,16.6,1950
2021-10-01 09:39:15.828924-04:00,18.16,252,18.17,856,16.59,839,16.6,1950
2021-10-01 09:39:28.219021-04:00,18.16,252,18.17,856,16.59,839,16.6,1950
2021-10-01 09:39:28.219021-04:00,18.16,252,18.17,856,16.59,839,16.6,1950
2021-10-01 09:39:28.219021-04:00,18.16,252,18.17,856,16.59,839,16.6,1755
2021-10-01 09:39:37.847054-04:00,18.16,252,18.17,856,16.59,839,16.6,1755
2021-10-01 09:39:37.847054-04:00,18.16,252,18.17,856,16.59,839,16.6,1755
2021-10-01 09:39:37.847054-04:00,18.16,623,18.17,94,16.59,839,16.6,1755
2021-10-01 09:39:37.847054-04:00,18.16,623,18.17,94,16.59,839,16.6,1755
2021-10-01 09:39:37.847054-04:00,18.16,623,18.17,94,16.59,839,16.6,1755
2021-10-01 09:39:37.847054-04:00,18.16,623,18.17,94,16.59,839,16.6,1755
2021-10-01 09:39:37.847054-04:00,18.16,623,18.17,94,16.59,839,16.6,1755
2021-10-01 09:39:47.058995-04:00,18.16,623,18.17,94,16.59,839,16.6,1755
2021-10-01 09:39:47.058995-04:00,18.16,623,18.17,94,16.59,1642,16.6,1661
2021-10-01 09:39:47.058995-04:00,18.17,444,18.18,867,16.59,1642,16.6,1661
2021-10-01 09:39:47.058995-04:00,18.17,444,18.18,867,16.59,1642,16.6,1661
2021-10-01 09:39:47.058995-04:00,18.17,444,18.18,867,16.59,1642,16.6,1661
2021-10-01 09:39:47.058995-04:00,18.17,444,18.18,867,16.59,1874,16.6,1495
2021-10-01 09:39:58.117859-04:00,18.17,444,18.18,867,16.59,1874,16.6,1495
2021-10-01 09:39:58.117859-04:00,18.17,510,18.19,810,16.59,1874,16.6,1495
2021-10-01 09:39:58.117859-04:00,18.17,510,18.19,810,16.59,1874,16.6,1495
2021-10-01 09:39:58.117859-04:00,18.17,510,18.19,810,16.59,1874,16.6,1495
2021-10-01 09:39:58.117859-04:00,18.17,510,18.19,810,16.59,1057,16.6,1838
2021-10-01 09:40:04.848863-04:00,18.17,510,18.19,810,16.59,1057,16.6,1838
2021-10-01 09:40:04.848863-04:00,18.17,510,18.19,810,16.59,1057,16.6,1838
2021-10-01 09:40:04.848863-04:00,18.16,451,18.18,458,16.59,1057,16.6,1838
2021-10-01 09:40:04.848863-04:00,18.16,451,18.18,458,16.59,1057,16.6,2033
2021-10-01 09:40:04.848863-04:00,18.16,451,18.18,458,16.59,1057,16.6,2033
2021-10-01 09:40:04.848863-04:00,18.16,448,18.18,1274,16.59,1057,16.6,2033
2021-10-01 09:40:14.911957-04:00,18.16,448,18.18,1274,16.59,1057,16.6,2033
2021-10-01 09:40:14.911957-04:00,18.16,448,18.18,1274,16.59,1057,16.6,1838
2021-10-01 09:40:14.911957-04:00,18.16,448,18.18,1096,16.59,1057,16.6,1838
2021-10-01 09:40:28.017917-04:00,18.16,448,18.18,1096,16.59,1057,16.6,1838
2021-10-01 09:40:28.017917-04:00,18.16,448,18.18,1096,16.59,1057,16.6,1838
2021-10-01 09:40:28.017917-04:00,18.16,448,18.18,1096,16.59,1057,16.6,1838
2021-10-01 09:40:35.702374-04:00,18.16,448,18.18,1096,16.59,1057,16.6,1838
2021-10-01 09:40:35.702374-04:00,18.16,448,18.18,1096,16.59,1057,16.6,1838
2021-10-01 09:40:35.702374-04:00,18.16,448,18.18,1096,16.59,1057,16.6,1838
2021-10-01 09:40:35.702374-04:00,18.16,448,18.18,1096,16.59,839,16.6,1866
2021-10-01 09:40:35.702374-04:00,18.16,507,18.17,102,16.59,839,16.6,1866
2021-10-01 09:40:35.702374-04:00,18.16,507,18.17,102,16.59,839,16.6,1866
2021-10-01 09:40:35.702374-04:00,18.16,507,18.17,102,16.59,839,16.6,1866
2021-10-01 09:40:49.227214-04:00,18.16,507,18.17,102,16.59,839,16.6,1866
2021-10-01 09:40:49.227214-04:00,18.16,445,18.17,557,16.59,839,16.6,1866
2021-10-01 09:40:50.843890-04:00,18.16,445,18.17,557,16.59,839,16.6,1866
2021-10-01 09:40:50.843890-04:00,18.16,445,18.17,557,16.59,839,16.6,1866
2021-10-01 09:40:50.843890-04:00,18.16,445,18.17,557,16.59,839,16.6,1866
2021-10-01 09:40:50.843890-04:00,18.16,445,18.17,557,16.59,871,16.6,1866
2021-10-01 09:40:50.843890-04:00,18.16,445,18.17,557,16.59,871,16.6,1866
2021-10-01 09:40:50.843890-04:00,18.16,461,18.17,389,16.59,871,16.6,1866
2021-10-01 09:41:06.737397-04:00,18.16,461,18.17,389,16.59,871,16.6,1866
2021-10-01 09:41:06.737397-04:00,18.16,461,18.17,389,16.59,871,16.6,1866
2021-10-01 09:41:06.737397-04:00,18.16,461,18.17,389,16.59,871,16.6,1866
2021-10-01 09:41:06.737397-04:00,18.16,461,18.17,389,16.59,839,16.6,1866
2021-10-01 09:41:06.737397-04:00,18.16,461,18.17,389,16.59,839,16.6,1866
2021-10-01 09:41:06.737397-04:00,18.16,552,18.17,102,16.59,839,16.6,1866
2021-10-01 09:41:06.737397-04:00,18.16,552,18.17,102,16.59,839,16.6,1866
2021-10-01 09:41:06.737397-04:00,18.16,552,18.17,102,16.59,839,16.6,1866
2021-10-01 09:41:16.300829-04:00,18.16,552,18.17,102,16.59,839,16.6,1866
2021-10-01 09:41:16.300829-04:00,18.16,552,18.17,102,16.59,839,16.6,1866
2021-10-01 09:41:16.300829-04:00,18.16,552,18.17,102,16.59,1343,16.6,1589
2021-10-01 09:41:16.300829-04:00,18.17,19,18.18,746,16.59,1343,16.6,1589
2021-10-01 09:41:16.300829-04:00,18.17,19,18.18,746,16.59,1343,16.6,1589
2021-10-01 09:41:16.300829-04:00,18.17,19,18.18,746,16.59,1343,16.6,1589
2021-10-01 09:41:29.803729-04:00,18.17,19,18.18,746,16.59,1343,16.6,1589
2021-10-01 09:41:29.803729-04:00,18.17,19,18.18,746,16.59,1343,16.6,1589
2021-10-01 09:41:29.803729-04:00,18.17,19,18.18,746,16.58,1316,16.59,939
2021-10-01 09:41:29.803729-04:00,18.15,345,18.16,249,16.58,1316,16.59,939
2021-10-01 09:41:29.803729-04:00,18.15,345,18.16,249,16.58,1316,16.59,939
2021-10-01 09:41:35.773770-04:00,18.15,345,18.16,249,16.58,1316,16.59,939
2021-10-01 09:41:35.773770-04:00,18.15,345,18.16,249,16.58,1316,16.59,939
2021-10-01 09:41:35.773770-04:00,18.15,345,18.16,249,16.59,515,16.6,1070
2021-10-01 09:41:35.773770-04:00,18.16,76,18.17,454,16.59,515,16.6,1070
2021-10-01 09:41:35.773770-04:00,18.15,417,18.17,1126,16.59,515,16.6,1070
2021-10-01 09:41:35.773770-04:00,18.15,417,18.17,1126,16.59,515,16.6,1070
2021-10-01 09:41:48.086849-04:00,18.15,417,18.17,1126,16.59,515,16.6,1070
2021-10-01 09:41:48.086849-04:00,18.15,417,18.17,1126,16.59,515,16.6,1070
2021-10-01 09:41:48.086849-04:00,18.15,417,18.17,1126,16.58,1286,16.59,755
2021-10-01 09:41:48.086849-04:00,18.15,417,18.17,1050,16.58,1286,16.59,755
2021-10-01 09:41:56.903277-04:00,18.15,417,18.17,1050,16.58,1286,16.59,755
2021-10-01 09:41:56.903277-04:00,18.15,417,18.17,1050,16.58,1286,16.59,755
2021-10-01 09:41:56.903277-04:00,18.15,417,18.17,1050,16.58,1346,16.59,1014
2021-10-01 09:41:56.903277-04:00,18.15,410,18.17,1079,16.58,1346,16.59,1014
2021-10-01 09:41:56.903277-04:00,18.15,410,18.17,1079,16.58,1346,16.59,1014
2021-10-01 09:41:56.903277-04:00,18.15,410,18.17,1079,16.58,1346,16.59,675
2021-10-01 09:42:15.846091-04:00,18.15,410,18.17,1079,16.58,1346,16.59,675
2021-10-01 09:42:15.846091-04:00,18.15,410,18.17,1079,16.58,1346,16.59,675
2021-10-01 09:42:15.846091-04:00,18.15,410,18.17,1079,16.58,1357,16.59,97
2021-10-01 09:42:15.846091-04:00,18.16,15,18.17,957,16.58,1357,16.59,97
2021-10-01 09:42:27.698954-04:00,18.16,15,18.17,957,16.58,1357,16.59,97
2021-10-01 09:42:27.698954-04:00,18.16,15,18.17,957,16.58,1357,16.59,97
2021-10-01 09:42:27.698954-04:00,18.16,15,18.17,957,16.58,1357,16.59,218
2021-10-01 09:42:27.698954-04:00,18.16,15,18.17,957,16.58,1444,16.59,1644
2021-10-01 09:42:37.305386-04:00,18.15,402,18.16,759,16.58,1444,16.59,1644
2021-10-01 09:42:37.305386-04:00,18.15,402,18.16,759,16.58,1444,16.59,1644
2021-10-01 09:42:50.897707-04:00,18.15,386,18.16,190,16.58,1480,16.59,1644
2021-10-01 09:42:50.897707-04:00,18.15,386,18.16,190,16.58,1444,16.59,1644
2021-10-01 09:42:54.758707-04:00,18.15,386,18.16,190,16.58,1444,16.59,1644
2021-10-01 09:42:54.758707-04:00,18.15,386,18.16,302,16.58,1444,16.59,1644
2021-10-01 09:42:54.758707-04:00,18.15,386,18.16,302,16.58,1444,16.59,1644
2021-10-01 09:43:04.897171-04:00,18.15,386,18.16,302,16.58,1444,16.59,1644
2021-10-01 09:43:04.897171-04:00,18.15,386,18.16,302,16.58,1444,16.59,1644
2021-10-01 09:43:04.897171-04:00,18.15,386,18.16,302,16.58,1444,16.59,1644
2021-10-01 09:43:04.897171-04:00,18.15,386,18.16,186,16.58,1444,16.59,1644
2021-10-01 09:43:04.897171-04:00,18.15,386,18.16,186,16.58,1444,16.59,1644
2021-10-01 09:43:04.897171-04:00,18.15,386,18.16,186,16.58,1444,16.59,1644
2021-10-01 09:43:04.897171-04:00,18.15,386,18.16,186,16.59,929,16.6,1908
2021-10-01 09:43:04.897171-04:00,18.15,386,18.16,186,16.59,929,16.6,1908
2021-10-01 09:43:17.863877-04:00,18.15,386,18.16,186,16.59,929,16.6,1908
2021-10-01 09:43:17.863877-04:00,18.15,386,18.16,186,16.59,929,16.6,1908
2021-10-01 09:43:17.863877-04:00,18.16,425,18.17,350,16.59,929,16.6,1908
2021-10-01 09:43:17.863877-04:00,18.16,425,18.17,350,16.59,929,16.6,1908
2021-10-01 09:43:24.896634-04:00,18.16,425,18.17,350,16.59,929,16.6,1908
2021-10-01 09:43:24.896634-04:00,18.16,425,18.17,350,16.59,929,16.6,1908
2021-10-01 09:43:24.896634-04:00,18.16,425,18.17,350,16.59,169,16.6,1844
2021-10-01 09:43:24.896634-04:00,18.15,477,18.16,138,16.59,169,16.6,1844
2021-10-01 09:43:24.896634-04:00,18.15,477,18.16,138,16.59,169,16.6,1844
2021-10-01 09:43:24.896634-04:00,18.15,477,18.16,138,16.59,779,16.6,1979
2021-10-01 09:43:37.264119-04:00,18.15,477,18.16,138,16.59,779,16.6,1979
2021-10-01 09:43:37.264119-04:00,18.16,548,18.17,272,16.59,779,16.6,1979
2021-10-01 09:43:37.264119-04:00,18.16,548,18.17,272,16.59,779,16.6,1979
2021-10-01 09:43:37.264119-04:00,18.16,548,18.17,272,16.59,779,16.6,1979
2021-10-01 09:43:38.790449-04:00,18.16,548,18.17,272,16.59,779,16.6,1979
2021-10-01 09:43:38.790449-04:00,18.16,548,18.17,272,16.59,779,16.6,1979
2021-10-01 09:43:38.790449-04:00,18.16,548,18.17,272,16.59,779,16.6,1991
2021-10-01 09:43:38.790449-04:00,18.16,536,18.17,343,16.59,779,16.6,1991
2021-10-01 09:43:38.790449-04:00,18.16,536,18.17,343,16.59,779,16.6,1991
2021-10-01 09:43:53.743411-04:00,18.16,536,18.17,343,16.59,779,16.6,1991
2021-10-01 09:43:53.743411-04:00,18.17,1,18.17,37,16.59,779,16.6,1991
2021-10-01 09:43:53.743411-04:00,18.17,1,18.17,37,16.59,735,16.6,1792
2021-10-01 09:44:00.757279-04:00,18.17,1,18.17,37,16.59,735,16.6,1792
2021-10-01 09:44:00.757279-04:00,18.17,1,18.17,37,16.59,735,16.6,1792
2021-10-01 09:44:00.757279-04:00,18.17,1,18.17,37,16.59,1560,16.6,1585
2021-10-01 09:44:00.757279-04:00,18.17,1,18.17,37,16.59,1560,16.6,1585
2021-10-01 09:44:00.757279-04:00,18.17,1,18.17,37,16.59,1560,16.6,1585
2021-10-01 09:44:00.757279-04:00,18.17,279,18.18,296,16.59,1560,16.6,1585
2021-10-01 09:44:00.757279-04:00,18.17,279,18.18,296,16.59,1560,16.6,1585
2021-10-01 09:44:00.757279-04:00,18.17,279,18.18,296,16.59,1672,16.6,1717
2021-10-01 09:44:00.757279-04:00,18.17,131,18.18,1027,16.59,1672,16.6,1717
2021-10-01 09:44:17.906398-04:00,18.17,131,18.18,1027,16.59,1672,16.6,1717
2021-10-01 09:44:17.906398-04:00,18.17,131,18.18,1027,16.59,1672,16.6,1717
2021-10-01 09:44:17.906398-04:00,18.17,131,18.18,1027,16.59,1672,16.6,1717
2021-10-01 09:44:17.906398-04:00,18.17,131,18.18,1027,16.59,1672,16.6,1717
2021-10-01 09:44:17.906398-04:00,18.17,131,18.18,1027,16.59,1672,16.6,1717
2021-10-01 09:44:25.353489-04:00,18.17,131,18.18,1027,16.59,1672,16.6,1717
2021-10-01 09:44:25.353489-04:00,18.17,375,18.18,522,16.59,1672,16.6,1717
2021-10-01 09:44:25.353489-04:00,18.17,375,18.18,522,16.59,1818,16.6,1401
2021-10-01 09:44:25.353489-04:00,18.17,380,18.18,518,16.59,1651,16.6,1376
2021-10-01 09:44:25.353489-04:00,18.17,380,18.18,518,16.59,1651,16.6,1376
2021-10-01 09:44:39.873464-04:00,18.17,380,18.18,518,16.59,1651,16.6,1376
2021-10-01 09:44:39.873464-04:00,18.17,378,18.18,250,16.59,1651,16.6,1376
2021-10-01 09:44:39.873464-04:00,18.17,378,18.18,250,16.59,1651,16.6,1376
2021-10-01 09:44:39.873464-04:00,18.17,378,18.18,250,16.59,1663,16.6,1376
2021-10-01 09:44:39.873464-04:00,18.17,378,18.18,250,16.59,1663,16.6,1376
2021-10-01 09:44:39.873464-04:00,18.17,378,18.18,250,16.59,1663,16.6,1376
2021-10-01 09:44:39.873464-04:00,18.17,378,18.18,250,16.59,1663,16.6,1376
2021-10-01 09:44:39.873464-04:00,18.17,239,18.18,516,16.59,1510,16.6,1109
2021-10-01 09:44:58.356059-04:00,18.17,239,18.18,516,16.59,1510,16.6,1109
2021-10-01 09:44:59.383670-04:00,18.17,239,18.18,516,16.59,1510,16.6,1109
2021-10-01 09:44:59.383670-04:00,18.17,239,18.18,516,16.59,1510,16.6,1109
2021-10-01 09:44:59.383670-04:00,18.17,239,18.18,516,16.59,1510,16.6,1109
2021-10-01 09:44:59.383670-04:00,18.17,239,18.18,516,16.59,1376,16.6,2359
2021-10-01 09:44:59.383670-04:00,18.17,15,18.18,1598,16.59,1376,16.6,2359
2021-10-01 09:45:07.676043-04:00,18.17,15,18.18,1598,16.59,1376,16.6,2359
2021-10-01 09:45:07.676043-04:00,18.17,15,18.18,1598,16.59,1376,16.6,2359
2021-10-01 09:45:14.706001-04:00,18.17,15,18.18,1598,16.59,1376,16.6,2359
2021-10-01 09:45:14.706001-04:00,18.17,15,18.18,1598,16.59,1376,16.6,2359
2021-10-01 09:45:14.706001-04:00,18.17,15,18.18,1598,16.6,2662,16.61,1760
2021-10-01 09:45:14.706001-04:00,18.19,1194,18.2,209,16.6,2662,16.61,1760
2021-10-01 09:45:19.554277-04:00,18.19,1194,18.2,209,16.6,2662,16.61,1760
2021-10-01 09:45:19.554277-04:00,18.19,1194,18.2,209,16.6,2662,16.61,1760
2021-10-01 09:45:19.554277-04:00,18.19,1194,18.2,209,16.6,2662,16.61,1760
2021-10-01 09:45:19.554277-04:00,18.19,1194,18.2,209,16.6,2662,16.61,1760
2021-10-01 09:45:19.554277-04:00,18.19,1194,18.2,209,16.6,2662,16.61,1760
2021-10-01 09:45:19.554277-04:00,18.19,1194,18.2,209,16.6,816,16.61,2391
2021-10-01 09:45:27.798906-04:00,18.19,1194,18.2,209,16.6,816,16.61,2391
2021-10-01 09:45:27.798906-04:00,18.18,103,18.19,2216,16.6,816,16.61,2391
2021-10-01 09:45:27.798906-04:00,18.18,103,18.19,2216,16.6,816,16.61,2391
2021-10-01 09:45:36.876199-04:00,18.18,103,18.19,2216,16.6,816,16.61,2391
2021-10-01 09:45:36.876199-04:00,18.18,103,18.19,2216,16.6,816,16.61,2391
2021-10-01 09:45:36.876199-04:00,18.18,103,18.19,2216,16.6,2474,16.61,2159
2021-10-01 09:45:36.876199-04:00,18.19,202,18.2,1302,16.6,2474,16.61,2159
2021-10-01 09:45:36.876199-04:00,18.19,202,18.2,1302,16.6,2474,16.61,2159
2021-10-01 09:45:46.508966-04:00,18.19,202,18.2,1302,16.6,2474,16.61,2159
2021-10-01 09:45:46.508966-04:00,18.19,202,18.2,1302,16.6,1949,16.61,1932
2021-10-01 09:45:47.838986-04:00,18.19,202,18.2,1302,16.6,1949,16.61,1932
2021-10-01 09:45:47.838986-04:00,18.18,1542,18.19,317,16.6,1949,16.61,1932
2021-10-01 09:45:47.838986-04:00,18.18,1542,18.19,317,16.6,1949,16.61,1932
2021-10-01 09:45:47.838986-04:00,18.18,1542,18.19,317,16.6,1949,16.61,1932
2021-10-01 09:46:00.023981-04:00,18.18,595,18.19,719,16.6,1140,16.61,2118
2021-10-01 09:46:00.023981-04:00,18.18,595,18.19,719,16.6,1140,16.61,2118
2021-10-01 09:46:00.023981-04:00,18.18,595,18.19,719,16.6,2378,16.61,2172
2021-10-01 09:46:00.023981-04:00,18.18,1752,18.19,266,16.6,2378,16.61,2172
2021-10-01 09:46:07.897839-04:00,18.18,1752,18.19,266,16.6,2378,16.61,2172
2021-10-01 09:46:07.897839-04:00,18.18,1752,18.19,266,16.6,2378,16.61,2172
2021-10-01 09:46:09.009865-04:00,18.18,1752,18.19,266,16.6,2378,16.61,2172
2021-10-01 09:46:09.009865-04:00,18.18,1752,18.19,266,16.61,832,16.62,2629
2021-10-01 09:46:09.009865-04:00,18.19,2169,18.2,376,16.61,832,16.62,2629
2021-10-01 09:46:17.899090-04:00,18.19,2169,18.2,376,16.61,832,16.62,2629
2021-10-01 09:46:17.899090-04:00,18.19,2169,18.2,376,16.61,832,16.62,2629
2021-10-01 09:46:17.899090-04:00,18.19,2169,18.2,376,16.61,832,16.62,2629
2021-10-01 09:46:17.899090-04:00,18.19,2169,18.2,376,16.61,832,16.62,2629
2021-10-01 09:46:17.899090-04:00,18.19,2169,18.2,376,16.61,192,16.62,2965
2021-10-01 09:46:17.899090-04:00,18.19,2157,18.2,376,16.61,192,16.62,2965
2021-10-01 09:46:27.996328-04:00,18.19,2157,18.2,376,16.61,192,16.62,2965
2021-10-01 09:46:27.996328-04:00,18.19,2157,18.2,376,16.61,192,16.62,2965
2021-10-01 09:48:09.904639-04:00,18.17,1928,18.18,643,16.59,4931,16.6,556
2021-10-01 09:48:09.907631-04:00,18.17,1928,18.18,643,16.59,4931,16.6,556
2021-10-01 09:48:09.907631-04:00,18.17,1928,18.18,643,16.59,4931,16.6,556
2021-10-01 09:48:18.160642-04:00,18.17,1928,18.18,643,16.59,4931,16.6,556
2021-10-01 09:48:18.160642-04:00,18.17,1928,18.18,643,16.59,1850,16.6,2980
2021-10-01 09:48:18.160642-04:00,18.17,1928,18.18,643,16.59,1850,16.6,2980
2021-10-01 09:48:18.160642-04:00,18.15,1716,18.16,608,16.59,1850,16.6,2980
2021-10-01 09:48:18.160642-04:00,18.15,1716,18.16,608,16.59,1850,16.6,2980
2021-10-01 09:48:18.160642-04:00,18.15,1716,18.16,608,16.59,1850,16.6,2980
2021-10-01 09:48:18.160642-04:00,18.15,1716,18.16,608,16.59,1850,16.6,2980
2021-10-01 09:48:18.160642-04:00,18.15,1716,18.16,608,16.59,1850,16.6,2980
2021-10-01 09:48:28.189829-04:00,18.15,1716,18.16,608,16.59,1850,16.6,2980
2021-10-01 09:48:28.189829-04:00,18.16,1850,18.17,349,16.59,3235,16.6,2380
2021-10-01 09:48:37.945746-04:00,18.16,1850,18.17,349,16.59,3235,16.6,2380
2021-10-01 09:48:37.945746-04:00,18.16,1850,18.17,349,16.59,3321,16.6,736
2021-10-01 09:48:37.945746-04:00,18.16,1850,18.17,349,16.59,3321,16.6,736
2021-10-01 09:48:37.945746-04:00,18.17,701,18.18,721,16.59,3321,16.6,736
2021-10-01 09:48:37.945746-04:00,18.17,701,18.18,721,16.59,3321,16.6,736
2021-10-01 09:48:37.945746-04:00,18.17,701,18.18,721,16.59,3321,16.6,736
2021-10-01 09:48:46.971616-04:00,18.17,701,18.18,721,16.59,3321,16.6,736
2021-10-01 09:48:46.971616-04:00,18.17,701,18.18,721,16.59,3321,16.6,736
2021-10-01 09:48:46.971616-04:00,18.17,701,18.18,721,16.59,3321,16.6,736
2021-10-01 09:48:46.971616-04:00,18.17,701,18.18,721,16.59,3497,16.6,813
2021-10-01 09:48:46.971616-04:00,18.17,371,18.18,1755,16.59,3497,16.6,813
2021-10-01 09:48:56.951932-04:00,18.17,371,18.18,1755,16.59,3497,16.6,813
2021-10-01 09:48:56.951932-04:00,18.17,371,18.18,1755,16.59,2543,16.6,2448
2021-10-01 09:48:56.951932-04:00,18.17,371,18.18,1755,16.59,2543,16.6,2448
2021-10-01 09:48:56.951932-04:00,18.17,371,18.18,1755,16.59,2543,16.6,2448
2021-10-01 09:48:56.951932-04:00,18.16,1775,18.17,829,16.59,2543,16.6,2448
2021-10-01 09:48:56.951932-04:00,18.16,1775,18.17,829,16.59,2543,16.6,2448
2021-10-01 09:49:09.102446-04:00,18.16,1775,18.17,829,16.59,2543,16.6,2448
2021-10-01 09:49:09.102446-04:00,18.16,1775,18.17,829,16.59,3646,16.6,2327
2021-10-01 09:49:09.102446-04:00,18.17,364,18.18,2656,16.59,3646,16.6,2327
2021-10-01 09:49:09.102446-04:00,18.17,364,18.18,2656,16.59,3646,16.6,2327
2021-10-01 09:49:17.995668-04:00,18.17,364,18.18,2656,16.59,3646,16.6,2327
2021-10-01 09:49:17.995668-04:00,18.17,364,18.18,2656,16.59,52,16.6,2845
2021-10-01 09:49:17.995668-04:00,18.17,364,18.18,2656,16.59,52,16.6,2845
2021-10-01 09:49:17.995668-04:00,18.15,1901,18.16,1798,16.59,52,16.6,2845
2021-10-01 09:49:17.995668-04:00,18.15,1901,18.16,1798,16.59,52,16.6,2845
2021-10-01 09:49:17.995668-04:00,18.15,1901,18.16,1798,16.59,52,16.6,2845
2021-10-01 09:49:17.995668-04:00,18.15,1901,18.16,1798,16.59,52,16.6,2845
2021-10-01 09:49:28.021861-04:00,18.15,1901,18.16,1798,16.59,52,16.6,2845
2021-10-01 09:49:28.021861-04:00,18.15,1901,18.16,1798,16.58,2975,16.59,2624
2021-10-01 09:49:28.021861-04:00,18.15,533,18.16,3231,16.58,2975,16.59,2624
2021-10-01 09:49:28.021861-04:00,18.15,533,18.16,3231,16.58,2975,16.59,2624
2021-10-01 09:49:28.021861-04:00,18.15,533,18.16,3231,16.58,2975,16.59,2624
2021-10-01 09:49:38.043069-04:00,18.15,533,18.16,3231,16.58,2975,16.59,2624
2021-10-01 09:49:38.043069-04:00,18.15,533,18.16,3231,16.58,4034,16.59,448
2021-10-01 09:49:38.043069-04:00,18.15,1814,18.16,765,16.58,4034,16.59,448
2021-10-01 09:49:38.043069-04:00,18.15,1814,18.16,765,16.58,4034,16.59,448
2021-10-01 09:49:38.043069-04:00,18.15,1814,18.16,765,16.58,4034,16.59,448
2021-10-01 09:49:38.043069-04:00,18.15,1814,18.16,765,16.58,4034,16.59,448
2021-10-01 09:49:38.043069-04:00,18.15,1814,18.16,765,16.58,4034,16.59,448
2021-10-01 09:49:49.425802-04:00,18.15,1814,18.16,765,16.58,4034,16.59,448
2021-10-01 09:49:49.425802-04:00,18.15,1814,18.16,765,16.58,3588,16.59,888
2021-10-01 09:49:49.425802-04:00,18.15,1134,18.16,696,16.58,3588,16.59,888
2021-10-01 09:49:49.425802-04:00,18.15,1134,18.16,696,16.58,3588,16.59,888
2021-10-01 09:49:50.069970-04:00,18.15,1134,18.16,696,16.58,3588,16.59,888
2021-10-01 09:49:56.084085-04:00,18.15,1134,18.16,696,16.58,3588,16.59,888
2021-10-01 09:49:58.088482-04:00,18.15,1134,18.16,696,16.58,3588,16.59,888
2021-10-01 09:49:58.088482-04:00,18.15,1134,18.16,696,16.58,3778,16.59,2206
2021-10-01 09:49:58.088482-04:00,18.15,312,18.16,1658,16.58,3778,16.59,2206
2021-10-01 09:49:59.089552-04:00,18.15,312,18.16,1658,16.58,3778,16.59,2206
2021-10-01 09:49:59.089552-04:00,18.15,312,18.16,1658,16.58,3778,16.59,2206
2021-10-01 09:49:59.089552-04:00,18.15,312,18.16,1658,16.58,3778,16.59,2206
2021-10-01 09:50:08.114516-04:00,18.15,312,18.16,1658,16.58,3778,16.59,2206
2021-10-01 09:50:08.114516-04:00,18.15,1603,18.16,605,16.58,3778,16.59,2206
2021-10-01 09:50:08.114516-04:00,18.15,1603,18.16,605,16.58,3532,16.59,888
2021-10-01 09:50:08.114516-04:00,18.15,1603,18.16,605,16.58,3532,16.59,888
2021-10-01 09:50:08.114516-04:00,18.15,1603,18.16,605,16.58,3532,16.59,888
2021-10-01 09:50:08.114516-04:00,18.15,1603,18.16,605,16.58,3532,16.59,888
2021-10-01 09:50:08.114516-04:00,18.15,1603,18.16,605,16.58,3532,16.59,888
2021-10-01 09:50:18.137221-04:00,18.15,1603,18.16,605,16.58,3532,16.59,888
2021-10-01 09:50:18.137221-04:00,18.15,861,18.16,710,16.58,3532,16.59,888
2021-10-01 09:50:18.137221-04:00,18.15,861,18.16,710,16.58,3592,16.59,1202
2021-10-01 09:50:18.137221-04:00,18.15,861,18.16,710,16.58,3592,16.59,1202
2021-10-01 09:50:23.148735-04:00,18.15,861,18.16,710,16.58,3592,16.59,1202
2021-10-01 09:50:30.091218-04:00,18.16,1900,18.17,506,16.59,2561,16.6,2725
2021-10-01 09:50:30.092215-04:00,18.16,1900,18.17,506,16.59,2561,16.6,2725
2021-10-01 09:50:38.194133-04:00,18.16,1900,18.17,506,16.59,2561,16.6,2725
2021-10-01 09:50:38.194133-04:00,18.16,2114,18.17,520,16.59,2561,16.6,2725
2021-10-01 09:50:38.194133-04:00,18.16,2114,18.17,520,16.59,2609,16.6,2725
2021-10-01 09:50:38.194133-04:00,18.16,2114,18.17,520,16.59,2609,16.6,2725
2021-10-01 09:50:38.194133-04:00,18.16,2114,18.17,520,16.59,2609,16.6,2725
2021-10-01 09:50:47.958460-04:00,18.16,2114,18.17,520,16.59,2609,16.6,2725
2021-10-01 09:50:47.958460-04:00,18.16,452,18.17,2806,16.59,2609,16.6,2725
2021-10-01 09:50:47.958460-04:00,18.16,452,18.17,2806,16.59,2266,16.6,3167
2021-10-01 09:50:47.958460-04:00,18.16,452,18.17,2806,16.59,2266,16.6,3167
2021-10-01 09:50:47.958460-04:00,18.16,452,18.17,2806,16.59,2266,16.6,3167
2021-10-01 09:50:58.060739-04:00,18.15,2570,18.16,42,16.59,2266,16.6,3167
2021-10-01 09:50:58.060739-04:00,18.15,2570,18.16,42,16.59,2132,16.6,2981
2021-10-01 09:50:58.060739-04:00,18.15,2570,18.16,42,16.59,2132,16.6,2981
2021-10-01 09:51:10.675211-04:00,18.16,199,18.17,2883,16.59,2114,16.6,2987
2021-10-01 09:51:10.675211-04:00,18.16,199,18.17,2883,16.59,2114,16.6,2987
2021-10-01 09:51:10.675211-04:00,18.16,199,18.17,2883,16.59,2114,16.6,2987
2021-10-01 09:51:10.675211-04:00,18.16,199,18.17,2883,16.59,2114,16.6,2987
2021-10-01 09:51:18.103029-04:00,18.17,2361,18.18,615,16.59,2114,16.6,2987
2021-10-01 09:51:18.103029-04:00,18.17,2361,18.18,615,16.59,4029,16.6,455
2021-10-01 09:51:18.103029-04:00,18.17,2361,18.18,615,16.59,4029,16.6,455
2021-10-01 09:51:18.103029-04:00,18.17,2361,18.18,615,16.59,4029,16.6,455
2021-10-01 09:51:28.126592-04:00,18.17,2046,18.18,589,16.59,4029,16.6,455
2021-10-01 09:51:28.126592-04:00,18.17,2046,18.18,589,16.59,4009,16.6,1763
2021-10-01 09:51:28.126592-04:00,18.17,2046,18.18,589,16.59,4009,16.6,1763
2021-10-01 09:51:28.126592-04:00,18.17,2046,18.18,589,16.59,4009,16.6,1763
2021-10-01 09:51:28.126592-04:00,18.17,2046,18.18,589,16.59,4009,16.6,1763
2021-10-01 09:51:28.126592-04:00,18.17,2046,18.18,589,16.59,4009,16.6,1763
2021-10-01 09:51:38.150197-04:00,18.17,2046,18.18,589,16.59,4009,16.6,1763
2021-10-01 09:51:38.150197-04:00,18.16,1168,18.17,1516,16.59,4009,16.6,1763
2021-10-01 09:51:38.150197-04:00,18.16,1168,18.17,1516,16.59,2405,16.6,2680
2021-10-01 09:51:38.150197-04:00,18.16,1168,18.17,1516,16.59,2405,16.6,2680
2021-10-01 09:51:38.150197-04:00,18.16,1168,18.17,1516,16.59,2405,16.6,2680
2021-10-01 09:51:51.176762-04:00,18.16,252,18.17,3121,16.59,2138,16.6,3151
2021-10-01 09:51:51.176762-04:00,18.16,252,18.17,3121,16.59,2138,16.6,3151
2021-10-01 09:51:51.176762-04:00,18.16,252,18.17,3121,16.59,2138,16.6,3151
2021-10-01 09:51:51.176762-04:00,18.16,252,18.17,3121,16.58,3934,16.59,1083
2021-10-01 09:51:57.946419-04:00,18.16,252,18.17,3121,16.58,3934,16.59,1083
2021-10-01 09:51:57.946419-04:00,18.15,331,18.16,2476,16.58,3934,16.59,1083
2021-10-01 09:51:57.946419-04:00,18.15,331,18.16,2476,16.58,3934,16.59,1083
2021-10-01 09:51:57.946419-04:00,18.15,331,18.16,2476,16.58,3934,16.59,1083
2021-10-01 09:51:57.946419-04:00,18.15,331,18.16,2476,16.58,3934,16.59,1083
2021-10-01 09:51:57.946419-04:00,18.15,331,18.16,2476,16.58,3934,16.59,1083
2021-10-01 09:51:57.946419-04:00,18.15,331,18.16,2476,16.58,2803,16.59,2432
2021-10-01 09:52:07.971221-04:00,18.15,331,18.16,2476,16.58,2803,16.59,2432
2021-10-01 09:52:07.971221-04:00,18.14,1971,18.15,855,16.58,2803,16.59,2432
2021-10-01 09:52:07.971221-04:00,18.14,1971,18.15,855,16.58,2803,16.59,2432
2021-10-01 09:52:07.971221-04:00,18.14,1971,18.15,855,16.58,2726,16.59,2428
2021-10-01 09:52:18.230024-04:00,18.14,1971,18.15,855,16.58,2726,16.59,2428
2021-10-01 09:52:18.230024-04:00,18.14,1964,18.15,901,16.58,2726,16.59,2428
2021-10-01 09:52:18.231019-04:00,18.14,1964,18.15,901,16.58,2726,16.59,2428
2021-10-01 09:52:18.232018-04:00,18.14,1964,18.15,901,16.58,2726,16.59,2428
2021-10-01 09:52:18.232018-04:00,18.14,1964,18.15,901,16.58,2726,16.59,2428
2021-10-01 09:52:18.232018-04:00,18.14,180,18.15,2942,16.58,2726,16.59,2428
2021-10-01 09:52:18.232018-04:00,18.14,180,18.15,2942,16.58,1842,16.59,2737
2021-10-01 09:52:28.081562-04:00,18.14,180,18.15,2942,16.58,1842,16.59,2737
2021-10-01 09:52:28.081562-04:00,18.14,180,18.15,2942,16.58,1842,16.59,2737
2021-10-01 09:52:28.081562-04:00,18.14,180,18.15,2942,16.58,1968,16.59,2548
2021-10-01 09:52:28.081562-04:00,18.14,155,18.15,2769,16.58,1968,16.59,2548
2021-10-01 09:52:38.104657-04:00,18.14,155,18.15,2769,16.58,1968,16.59,2548
2021-10-01 09:52:38.104657-04:00,18.14,155,18.15,2769,16.58,1968,16.59,2548
2021-10-01 09:52:38.104657-04:00,18.14,155,18.15,2769,16.58,1968,16.59,2548
2021-10-01 09:52:48.127893-04:00,18.14,155,18.15,2769,16.58,1968,16.59,2548
2021-10-01 09:52:48.127893-04:00,18.13,1812,18.14,466,16.58,1968,16.59,2548
2021-10-01 09:52:48.127893-04:00,18.13,1812,18.14,466,16.57,5280,16.58,474
2021-10-01 09:52:48.127893-04:00,18.13,1812,18.14,466,16.57,5280,16.58,474
2021-10-01 09:52:48.127893-04:00,18.13,1812,18.14,466,16.57,5280,16.58,474
2021-10-01 09:52:48.129888-04:00,18.13,1812,18.14,466,16.57,5280,16.58,474
2021-10-01 09:52:48.129888-04:00,18.13,1812,18.14,466,16.57,5280,16.58,474
2021-10-01 09:52:48.129888-04:00,18.14,607,18.15,2324,16.57,5280,16.58,474
2021-10-01 09:52:58.843885-04:00,18.14,607,18.15,2324,16.57,5919,16.58,29
2021-10-01 09:52:58.843885-04:00,18.14,607,18.15,2324,16.57,5919,16.58,29
2021-10-01 09:52:58.843885-04:00,18.14,607,18.15,2324,16.57,5919,16.58,29
2021-10-01 09:53:06.932492-04:00,18.14,607,18.15,2324,16.57,5919,16.58,29
2021-10-01 09:53:06.932492-04:00,18.14,607,18.15,2324,16.57,5919,16.58,29
2021-10-01 09:53:06.932492-04:00,18.13,2407,18.14,583,16.57,4925,16.58,29
2021-10-01 09:53:06.932492-04:00,18.13,2407,18.14,583,16.57,4925,16.58,29
2021-10-01 09:53:06.932492-04:00,18.13,2407,18.14,583,16.57,4925,16.58,29
2021-10-01 09:53:06.932492-04:00,18.13,2407,18.14,583,16.57,4925,16.58,29
2021-10-01 09:53:06.932492-04:00,18.13,2407,18.14,583,16.57,4925,16.58,29
2021-10-01 09:53:06.932492-04:00,18.13,1748,18.14,798,16.57,4925,16.58,29
2021-10-01 09:53:17.960439-04:00,18.13,1748,18.14,798,16.57,4335,16.58,823
2021-10-01 09:53:17.960439-04:00,18.13,1748,18.14,798,16.57,4335,16.58,823
2021-10-01 09:53:17.961437-04:00,18.13,1748,18.14,798,16.57,4335,16.58,823
2021-10-01 09:53:17.961437-04:00,18.13,1748,18.14,798,16.57,4335,16.58,823
2021-10-01 09:53:17.961437-04:00,18.13,1748,18.14,798,16.57,4335,16.58,823
2021-10-01 09:53:25.912273-04:00,18.13,1748,18.14,798,16.57,4335,16.58,823
2021-10-01 09:53:25.912273-04:00,18.13,2406,18.14,197,16.58,2420,16.59,2360
2021-10-01 09:53:25.912273-04:00,18.13,2406,18.14,197,16.58,2420,16.59,2360
2021-10-01 09:53:35.909874-04:00,18.13,2406,18.14,197,16.58,2420,16.59,2360
2021-10-01 09:53:35.909874-04:00,18.13,2406,18.14,197,16.58,2420,16.59,2360
2021-10-01 09:53:35.909874-04:00,18.13,2406,18.14,197,16.58,31,16.59,4281
2021-10-01 09:53:39.424269-04:00,18.13,2406,18.14,197,16.58,31,16.59,4281
2021-10-01 09:53:39.424269-04:00,18.13,1448,18.14,1157,16.58,31,16.59,4281
2021-10-01 09:53:39.424269-04:00,18.13,1448,18.14,1157,16.58,31,16.59,4281
2021-10-01 09:53:39.424269-04:00,18.13,1448,18.14,1157,16.57,4386,16.58,1897
2021-10-01 09:53:46.934411-04:00,18.13,1448,18.14,1157,16.57,4386,16.58,1897
2021-10-01 09:53:46.934411-04:00,18.13,1448,18.14,1157,16.57,4386,16.58,1897
2021-10-01 09:53:46.934411-04:00,18.13,56,18.14,2090,16.57,4386,16.58,1897
2021-10-01 09:53:48.186261-04:00,18.13,56,18.14,2090,16.57,4386,16.58,1897
2021-10-01 09:53:48.186261-04:00,18.13,56,18.14,2090,16.57,4386,16.58,1897
2021-10-01 09:53:48.186261-04:00,18.13,56,18.14,2090,16.57,2258,16.58,2420
2021-10-01 09:53:48.186261-04:00,18.13,56,18.14,2090,16.57,2258,16.58,2420
2021-10-01 09:53:57.962159-04:00,18.11,711,18.12,452,16.57,2258,16.58,2420
2021-10-01 09:53:57.962159-04:00,18.11,711,18.12,452,16.57,2258,16.58,2420
2021-10-01 09:53:57.962159-04:00,18.11,711,18.12,452,16.57,2258,16.58,2420
2021-10-01 09:53:57.962159-04:00,18.11,711,18.12,452,16.57,2258,16.58,2420
2021-10-01 09:53:57.962159-04:00,18.11,711,18.12,452,16.57,2258,16.58,2420
2021-10-01 09:54:06.308863-04:00,18.11,711,18.12,452,16.57,2258,16.58,2420
2021-10-01 09:54:06.308863-04:00,18.11,711,18.12,452,16.57,2025,16.58,2847
2021-10-01 09:54:06.308863-04:00,18.11,1835,18.12,513,16.57,2025,16.58,2847
2021-10-01 09:54:19.843144-04:00,18.11,1835,18.12,513,16.57,2025,16.58,2847
2021-10-01 09:54:19.843144-04:00,18.11,1835,18.12,513,16.57,3953,16.58,2378
2021-10-01 09:54:19.843144-04:00,18.12,2954,18.13,294,16.57,3953,16.58,2378
2021-10-01 09:54:19.843144-04:00,18.12,2954,18.13,294,16.57,3953,16.58,2378
2021-10-01 09:54:19.843144-04:00,18.12,2954,18.13,294,16.57,3953,16.58,2378
2021-10-01 09:54:25.018746-04:00,18.12,2954,18.13,294,16.57,3953,16.58,2378
2021-10-01 09:54:25.018746-04:00,18.12,2954,18.13,294,16.57,3953,16.58,2378
2021-10-01 09:54:25.018746-04:00,18.12,2954,18.13,294,16.57,4280,16.58,2339
2021-10-01 09:54:25.018746-04:00,18.12,2954,18.13,294,16.57,4280,16.58,2339
2021-10-01 09:54:25.018746-04:00,18.12,2711,18.13,291,16.57,4280,16.58,2339
2021-10-01 09:54:33.293127-04:00,18.12,2711,18.13,291,16.57,4280,16.58,2339
2021-10-01 09:54:33.293127-04:00,18.12,2711,18.13,291,16.57,2635,16.58,2513
2021-10-01 09:54:33.293127-04:00,18.12,2711,18.13,291,16.57,2635,16.58,2513
2021-10-01 09:54:33.293127-04:00,18.12,2711,18.13,291,16.57,2635,16.58,2513
2021-10-01 09:54:38.048629-04:00,18.12,2711,18.13,291,16.57,2635,16.58,2513
2021-10-01 09:54:38.048629-04:00,18.12,725,18.13,1355,16.57,2635,16.58,2513
2021-10-01 09:54:38.048629-04:00,18.12,725,18.13,1355,16.57,2635,16.58,2513
2021-10-01 09:54:38.048629-04:00,18.12,725,18.13,1355,16.57,2635,16.58,2513
2021-10-01 09:54:38.048629-04:00,18.12,725,18.13,1355,16.57,2560,16.58,2578
2021-10-01 09:54:48.071305-04:00,18.12,1387,18.13,2241,16.57,2560,16.58,2578
2021-10-01 09:54:48.071305-04:00,18.12,1387,18.13,2241,16.57,2211,16.58,2818
2021-10-01 09:54:48.071305-04:00,18.12,1387,18.13,2241,16.57,2211,16.58,2818
2021-10-01 09:55:00.298525-04:00,18.11,1666,18.12,475,16.57,2211,16.58,2818
2021-10-01 09:55:00.298525-04:00,18.11,1666,18.12,475,16.57,2211,16.58,2818
2021-10-01 09:55:00.298525-04:00,18.11,1666,18.12,475,16.57,2211,16.58,2818
2021-10-01 09:55:00.298525-04:00,18.11,1666,18.12,475,16.57,2211,16.58,2818
2021-10-01 09:55:00.298525-04:00,18.11,1666,18.12,475,16.56,5303,16.57,459
2021-10-01 09:55:08.118869-04:00,18.11,1666,18.12,475,16.56,5303,16.57,459
2021-10-01 09:55:08.118869-04:00,18.11,1491,18.12,1120,16.56,5303,16.57,459
2021-10-01 09:55:13.831931-04:00,18.11,1491,18.12,1120,16.56,5303,16.57,459
2021-10-01 09:55:13.831931-04:00,18.11,1491,18.12,1120,16.56,5303,16.57,459
2021-10-01 09:55:13.831931-04:00,18.11,1491,18.12,1120,16.56,5303,16.57,459
2021-10-01 09:55:18.145134-04:00,18.11,1491,18.12,1120,16.57,2648,16.58,3516
2021-10-01 09:55:18.145134-04:00,18.11,2463,18.12,470,16.57,2648,16.58,3516
2021-10-01 09:55:27.284366-04:00,18.11,2463,18.12,470,16.57,2648,16.58,3516
2021-10-01 09:55:27.284366-04:00,18.11,2463,18.12,470,16.57,2688,16.58,3293
2021-10-01 09:55:27.284366-04:00,18.11,2467,18.12,58,16.57,2688,16.58,3293
2021-10-01 09:55:27.284366-04:00,18.11,2467,18.12,58,16.57,2688,16.58,3293
2021-10-01 09:55:27.284366-04:00,18.11,2467,18.12,58,16.57,2152,16.58,3444
2021-10-01 09:55:40.730039-04:00,18.11,2467,18.12,58,16.57,2152,16.58,3444
2021-10-01 09:55:40.730039-04:00,18.11,1528,18.12,1367,16.57,2152,16.58,3444
2021-10-01 09:55:40.730039-04:00,18.11,1528,18.12,1367,16.57,2152,16.58,3444
2021-10-01 09:55:40.730039-04:00,18.11,1528,18.12,1367,16.57,2152,16.58,3444
2021-10-01 09:55:41.950304-04:00,18.11,1528,18.12,1367,16.57,2152,16.58,3444
2021-10-01 09:55:46.982464-04:00,18.11,1528,18.12,1367,16.57,2152,16.58,3444
2021-10-01 09:55:46.982464-04:00,18.11,1528,18.12,1367,16.57,2152,16.58,3444
2021-10-01 09:55:46.982464-04:00,18.11,1528,18.12,1367,16.56,4339,16.57,1212
2021-10-01 09:55:46.982464-04:00,18.11,84,18.12,3286,16.56,4339,16.57,1212
2021-10-01 09:55:46.982464-04:00,18.11,84,18.12,3286,16.56,4339,16.57,1212
2021-10-01 09:55:46.982464-04:00,18.11,84,18.12,3286,16.56,4339,16.57,1212
2021-10-01 09:55:46.982464-04:00,18.11,84,18.12,3286,16.56,6691,16.57,17
2021-10-01 09:55:57.984299-04:00,18.11,84,18.12,3286,16.56,6691,16.57,17
2021-10-01 09:55:57.984299-04:00,18.11,2493,18.12,471,16.56,6691,16.57,17
2021-10-01 09:56:07.649260-04:00,18.11,2493,18.12,471,16.56,6691,16.57,17
2021-10-01 09:56:07.649260-04:00,18.11,2493,18.12,471,16.56,6691,16.57,17
2021-10-01 09:56:07.649260-04:00,18.11,2493,18.12,471,16.57,4220,16.58,2570
2021-10-01 09:56:07.649260-04:00,18.12,812,18.13,2069,16.57,4220,16.58,2570
2021-10-01 09:56:07.649260-04:00,18.12,812,18.13,2069,16.57,4220,16.58,2570
2021-10-01 09:56:07.649260-04:00,18.12,812,18.13,2069,16.57,4220,16.58,2570
2021-10-01 09:56:21.141103-04:00,18.11,239,18.12,3626,16.57,341,16.58,3033
2021-10-01 09:56:25.044215-04:00,18.11,239,18.12,3626,16.57,341,16.58,3033
2021-10-01 09:56:25.044215-04:00,18.11,239,18.12,3626,16.57,341,16.58,3033
2021-10-01 09:56:25.044215-04:00,18.11,239,18.12,3626,16.57,341,16.58,3033
2021-10-01 09:56:25.044215-04:00,18.1,935,18.11,720,16.56,3839,16.57,1884
2021-10-01 09:56:25.044215-04:00,18.1,935,18.11,720,16.56,3839,16.57,1884
2021-10-01 09:56:25.044215-04:00,18.1,935,18.11,720,16.56,3839,16.57,1884
2021-10-01 09:56:25.044215-04:00,18.1,935,18.11,720,16.56,4865,16.57,884
2021-10-01 09:56:38.074781-04:00,18.1,935,18.11,720,16.56,4865,16.57,884
2021-10-01 09:56:38.074781-04:00,18.1,935,18.11,720,16.56,4865,16.57,884
2021-10-01 09:56:38.074781-04:00,18.1,1844,18.11,400,16.56,4865,16.57,884
2021-10-01 09:56:38.074781-04:00,18.1,1844,18.11,400,16.56,4865,16.57,884
2021-10-01 09:56:38.074781-04:00,18.1,1844,18.11,400,16.56,4865,16.57,884
2021-10-01 09:56:48.078840-04:00,18.1,1844,18.11,400,16.56,4865,16.57,884
2021-10-01 09:56:48.078840-04:00,18.1,1844,18.11,400,16.56,4865,16.57,884
2021-10-01 09:56:48.078840-04:00,18.1,1844,18.11,400,16.56,2358,16.57,2844
2021-10-01 09:56:48.078840-04:00,18.09,1137,18.1,435,16.56,2358,16.57,2844
2021-10-01 09:56:48.078840-04:00,18.09,1137,18.1,435,16.56,2358,16.57,2844
2021-10-01 09:57:01.473932-04:00,18.1,203,18.11,2619,16.56,3798,16.57,2908
2021-10-01 09:57:01.473932-04:00,18.1,203,18.11,2619,16.56,3798,16.57,2908
2021-10-01 09:57:01.473932-04:00,18.1,203,18.11,2619,16.56,2185,16.57,2944
2021-10-01 09:57:01.473932-04:00,18.1,203,18.11,2619,16.56,2185,16.57,2944
2021-10-01 09:57:08.124481-04:00,18.1,203,18.11,2619,16.56,2185,16.57,2944
2021-10-01 09:57:08.124481-04:00,18.09,1743,18.1,724,16.56,2185,16.57,2944
2021-10-01 09:57:08.124481-04:00,18.09,1743,18.1,724,16.56,2185,16.57,2944
2021-10-01 09:57:16.141410-04:00,18.09,1743,18.1,724,16.56,2185,16.57,2944
2021-10-01 09:57:16.141410-04:00,18.09,1743,18.1,724,16.56,2185,16.57,2944
2021-10-01 09:57:16.141410-04:00,18.09,1743,18.1,724,16.56,2168,16.57,2694
2021-10-01 09:57:18.147070-04:00,18.09,1743,18.1,724,16.56,2168,16.57,2694
2021-10-01 09:57:18.147070-04:00,18.09,1114,18.1,688,16.56,2168,16.57,2694
2021-10-01 09:57:18.147070-04:00,18.09,1114,18.1,688,16.56,2168,16.57,2694
2021-10-01 09:57:18.147070-04:00,18.09,1114,18.1,688,16.56,2168,16.57,2694
2021-10-01 09:57:18.147070-04:00,18.09,1114,18.1,688,16.56,2168,16.57,2694
2021-10-01 09:57:18.147070-04:00,18.09,1114,18.1,688,16.56,2168,16.57,2694
2021-10-01 09:57:28.428888-04:00,18.1,586,18.11,1764,16.56,3573,16.57,2803
2021-10-01 09:57:28.428888-04:00,18.1,586,18.11,1764,16.56,3573,16.57,2803
2021-10-01 09:57:28.428888-04:00,18.1,586,18.11,1764,16.56,2456,16.57,2863
2021-10-01 09:57:37.939050-04:00,18.1,586,18.11,1764,16.56,2456,16.57,2863
2021-10-01 09:57:37.939050-04:00,18.1,81,18.11,3330,16.56,2456,16.57,2863
2021-10-01 09:57:37.939050-04:00,18.1,81,18.11,3330,16.56,2456,16.57,2863
2021-10-01 09:57:37.939050-04:00,18.1,81,18.11,3330,16.56,2456,16.57,2863
2021-10-01 09:57:37.939050-04:00,18.1,81,18.11,3330,16.56,2456,16.57,2863
2021-10-01 09:57:37.939050-04:00,18.1,81,18.11,3330,16.56,2126,16.57,3182
2021-10-01 09:57:46.959053-04:00,18.1,81,18.11,3330,16.56,2126,16.57,3182
2021-10-01 09:57:46.959053-04:00,18.1,81,18.11,3330,16.56,2126,16.57,3182
2021-10-01 09:57:46.959053-04:00,18.09,994,18.1,1552,16.56,2126,16.57,3182
2021-10-01 09:57:57.983439-04:00,18.09,994,18.1,1552,16.56,2200,16.57,2688
2021-10-01 09:57:57.983439-04:00,18.09,925,18.1,1136,16.56,2200,16.57,2688
2021-10-01 09:57:57.983439-04:00,18.09,925,18.1,1136,16.56,2200,16.57,2688
2021-10-01 09:58:05.092782-04:00,18.09,925,18.1,1136,16.56,2200,16.57,2688
2021-10-01 09:58:05.092782-04:00,18.09,925,18.1,1136,16.56,2200,16.57,2688
2021-10-01 09:58:05.092782-04:00,18.09,925,18.1,1136,16.56,2193,16.57,2691
2021-10-01 09:58:05.092782-04:00,18.09,1800,18.1,664,16.56,2193,16.57,2691
2021-10-01 09:58:05.092782-04:00,18.09,1800,18.1,664,16.56,2193,16.57,2691
2021-10-01 09:58:05.092782-04:00,18.09,1800,18.1,664,16.56,2193,16.57,2691
2021-10-01 09:58:05.092782-04:00,18.09,1800,18.1,664,16.56,2120,16.57,2995
2021-10-01 09:58:17.970280-04:00,18.09,1800,18.1,664,16.56,2120,16.57,2995
2021-10-01 09:58:17.970280-04:00,18.09,1609,18.1,1050,16.56,2120,16.57,2995
2021-10-01 09:58:22.377590-04:00,18.09,1609,18.1,1050,16.56,2120,16.57,2995
2021-10-01 09:58:22.377590-04:00,18.09,1609,18.1,1050,16.56,2125,16.57,3000
2021-10-01 09:58:28.034381-04:00,18.09,1609,18.1,1050,16.56,2125,16.57,3000
2021-10-01 09:58:28.034381-04:00,18.09,1764,18.1,793,16.56,2125,16.57,3000
2021-10-01 09:58:28.034381-04:00,18.09,1764,18.1,793,16.56,2125,16.57,3000
2021-10-01 09:58:31.934046-04:00,18.09,1764,18.1,793,16.56,2125,16.57,3000
2021-10-01 09:58:31.934046-04:00,18.09,1764,18.1,793,16.56,2125,16.57,3000
2021-10-01 09:58:31.934046-04:00,18.09,1764,18.1,793,16.56,2125,16.57,3000
2021-10-01 09:58:31.934046-04:00,18.09,1764,18.1,793,16.56,2214,16.57,2739
2021-10-01 09:58:31.934046-04:00,18.09,2115,18.1,702,16.56,2214,16.57,2739
2021-10-01 09:58:31.934046-04:00,18.09,2115,18.1,702,16.56,2214,16.57,2739
2021-10-01 09:58:49.316617-04:00,18.1,732,18.11,1612,16.56,3737,16.57,2608
2021-10-01 09:58:49.316617-04:00,18.1,732,18.11,1612,16.56,3737,16.57,2608
2021-10-01 09:58:52.016815-04:00,18.1,732,18.11,1612,16.56,3737,16.57,2608
2021-10-01 09:58:52.016815-04:00,18.1,732,18.11,1612,16.56,3737,16.57,2608
2021-10-01 09:58:52.016815-04:00,18.1,732,18.11,1612,16.56,4226,16.57,834
2021-10-01 09:58:52.016815-04:00,18.1,732,18.11,1612,16.56,4226,16.57,834
2021-10-01 09:58:57.054499-04:00,18.1,732,18.11,1612,16.56,4226,16.57,834
2021-10-01 09:58:57.054499-04:00,18.1,2301,18.11,466,16.56,4226,16.57,834
2021-10-01 09:58:57.054499-04:00,18.1,2301,18.11,466,16.56,4226,16.57,834
2021-10-01 09:59:03.000548-04:00,18.1,2301,18.11,466,16.56,4226,16.57,834
2021-10-01 09:59:03.000548-04:00,18.1,2301,18.11,466,16.56,4157,16.57,842
2021-10-01 09:59:03.000548-04:00,18.1,1962,18.11,509,16.56,4157,16.57,842
2021-10-01 09:59:03.000548-04:00,18.1,1962,18.11,509,16.56,4157,16.57,842
2021-10-01 09:59:03.000548-04:00,18.1,1962,18.11,509,16.56,4216,16.57,845
2021-10-01 09:59:03.000548-04:00,18.1,2237,18.11,677,16.56,4216,16.57,845
2021-10-01 09:59:22.044514-04:00,18.1,2237,18.11,677,16.56,4369,16.57,3039
2021-10-01 09:59:29.906350-04:00,18.1,1121,18.11,1016,16.56,4369,16.57,3039
2021-10-01 09:59:34.075502-04:00,18.1,1121,18.11,1016,16.56,4369,16.57,3039
2021-10-01 09:59:34.075502-04:00,18.1,1121,18.11,1016,16.56,4369,16.57,3039
2021-10-01 09:59:34.075502-04:00,18.1,1121,18.11,1016,16.56,4369,16.57,3039
2021-10-01 09:59:34.075502-04:00,18.1,1121,18.11,1016,16.56,3783,16.57,2835
2021-10-01 09:59:34.075502-04:00,18.1,707,18.11,1846,16.56,3783,16.57,2835
2021-10-01 09:59:38.087302-04:00,18.1,707,18.11,1846,16.56,3783,16.57,2835
2021-10-01 09:59:43.340173-04:00,18.1,707,18.11,1846,16.56,3783,16.57,2835
2021-10-01 09:59:43.340173-04:00,18.1,707,18.11,1846,16.56,3783,16.57,2835
2021-10-01 09:59:43.340173-04:00,18.1,707,18.11,1846,16.56,3783,16.57,2835
2021-10-01 09:59:43.340173-04:00,18.1,707,18.11,1846,16.56,3783,16.57,2835
2021-10-01 09:59:43.340173-04:00,18.1,707,18.11,1846,16.56,3783,16.57,2835
2021-10-01 09:59:43.340173-04:00,18.1,707,18.11,1846,16.56,3785,16.57,3182
2021-10-01 09:59:43.340173-04:00,18.1,744,18.11,842,16.56,3785,16.57,3182
2021-10-01 09:59:43.340173-04:00,18.1,744,18.11,842,16.56,3785,16.57,3182
2021-10-01 09:59:43.340173-04:00,18.1,744,18.11,842,16.56,3785,16.57,3182
2021-10-01 09:59:53.121486-04:00,18.1,744,18.11,842,16.56,3785,16.57,3182
2021-10-01 09:59:56.830311-04:00,18.1,744,18.11,842,16.56,3785,16.57,3182
2021-10-01 09:59:56.830311-04:00,18.1,744,18.11,842,16.56,4043,16.57,1070
2021-10-01 09:59:56.830311-04:00,18.1,1459,18.11,464,16.56,4043,16.57,1070
2021-10-01 09:59:56.830311-04:00,18.1,1459,18.11,464,16.56,4043,16.57,1070
2021-10-01 09:59:56.830311-04:00,18.1,1459,18.11,464,16.56,4043,16.57,1070
2021-10-01 09:59:56.830311-04:00,18.1,1459,18.11,464,16.56,4043,16.57,1070
2021-10-01 10:00:10.415307-04:00,18.1,1459,18.11,464,16.56,4043,16.57,1070
2021-10-01 10:00:10.415307-04:00,18.1,120,18.11,2716,16.56,2086,16.57,2646
2021-10-01 10:00:12.017524-04:00,18.1,120,18.11,2716,16.56,2086,16.57,2646
2021-10-01 10:00:12.017524-04:00,18.1,120,18.11,2716,16.56,1929,16.57,2644
2021-10-01 10:00:12.017524-04:00,18.1,120,18.11,2716,16.56,1929,16.57,2644
2021-10-01 10:00:12.017524-04:00,18.09,1908,18.1,661,16.56,1929,16.57,2644
2021-10-01 10:00:23.861201-04:00,18.09,1908,18.1,661,16.56,1929,16.57,2644
2021-10-01 10:00:23.861201-04:00,18.09,1908,18.1,661,16.56,3673,16.57,2889
2021-10-01 10:00:23.861201-04:00,18.1,1128,18.11,1620,16.56,3673,16.57,2889
2021-10-01 10:00:23.861201-04:00,18.1,1128,18.11,1620,16.56,3673,16.57,2889
2021-10-01 10:00:23.861201-04:00,18.1,1128,18.11,1620,16.56,3673,16.57,2889
2021-10-01 10:00:23.861201-04:00,18.1,1128,18.11,1620,16.56,3673,16.57,2889
2021-10-01 10:00:37.405133-04:00,18.1,1128,18.11,1620,16.56,3673,16.57,2889
2021-10-01 10:00:37.405133-04:00,18.1,1128,18.11,1620,16.56,3544,16.57,2678
2021-10-01 10:00:37.405133-04:00,18.1,739,18.11,1989,16.56,3544,16.57,2678
2021-10-01 10:00:37.405133-04:00,18.1,739,18.11,1989,16.56,3544,16.57,2678
2021-10-01 10:00:37.405133-04:00,18.1,739,18.11,1989,16.56,3544,16.57,2678
2021-10-01 10:00:39.087149-04:00,18.1,739,18.11,1989,16.56,4010,16.57,2638
2021-10-01 10:00:39.087149-04:00,18.1,739,18.11,1989,16.56,4010,16.57,2638
2021-10-01 10:00:39.087149-04:00,18.1,739,18.11,1989,16.56,4010,16.57,2638
2021-10-01 10:00:50.815067-04:00,18.1,1729,18.11,1871,16.56,4010,16.57,2638
2021-10-01 10:00:52.075222-04:00,18.1,1729,18.11,1871,16.56,4010,16.57,2638
2021-10-01 10:00:52.075222-04:00,18.1,1729,18.11,1871,16.56,4002,16.57,2651
2021-10-01 10:00:52.075222-04:00,18.09,2786,18.1,107,16.56,4002,16.57,2651
2021-10-01 10:00:58.089077-04:00,18.09,2786,18.1,107,16.56,4002,16.57,2651
2021-10-01 10:00:58.089077-04:00,18.09,2786,18.1,107,16.56,4002,16.57,2651
2021-10-01 10:00:58.089077-04:00,18.09,2786,18.1,107,16.56,4002,16.57,2651
2021-10-01 10:00:58.089077-04:00,18.09,2786,18.1,107,16.56,4002,16.57,2651
2021-10-01 10:00:58.089077-04:00,18.09,2786,18.1,107,16.56,4059,16.57,1266
2021-10-01 10:00:58.089077-04:00,18.1,2283,18.11,872,16.56,4059,16.57,1266
2021-10-01 10:01:08.122385-04:00,18.1,2283,18.11,872,16.56,4059,16.57,1266
2021-10-01 10:01:08.122385-04:00,18.1,2283,18.11,872,16.56,4059,16.57,1266
2021-10-01 10:01:08.122385-04:00,18.1,2283,18.11,872,16.56,4059,16.57,1266
2021-10-01 10:01:08.122385-04:00,18.1,2283,18.11,872,16.56,4059,16.57,1266
2021-10-01 10:01:08.122385-04:00,18.11,709,18.12,1236,16.56,4947,16.57,108
2021-10-01 10:01:18.140450-04:00,18.11,709,18.12,1236,16.56,4947,16.57,108
2021-10-01 10:01:18.140450-04:00,18.11,709,18.12,1236,16.56,4947,16.57,108
2021-10-01 10:01:18.140450-04:00,18.11,709,18.12,1236,16.56,4947,16.57,108
2021-10-01 10:01:22.144819-04:00,18.11,709,18.12,1236,16.56,4947,16.57,108
2021-10-01 10:01:22.144819-04:00,18.11,709,18.12,1236,16.57,3466,16.58,2925
2021-10-01 10:01:31.139257-04:00,18.12,243,18.13,2512,16.57,3466,16.58,2925
2021-10-01 10:01:31.139257-04:00,18.12,243,18.13,2512,16.57,3466,16.58,2925
2021-10-01 10:01:31.139257-04:00,18.12,243,18.13,2512,16.57,3083,16.58,2985
2021-10-01 10:01:38.193965-04:00,18.11,2419,18.12,705,16.57,3083,16.58,2985
2021-10-01 10:01:38.193965-04:00,18.11,2419,18.12,705,16.57,3083,16.58,2985
2021-10-01 10:01:38.193965-04:00,18.11,2419,18.12,705,16.57,3083,16.58,2985
2021-10-01 10:01:38.193965-04:00,18.11,2419,18.12,705,16.57,3083,16.58,2985
2021-10-01 10:01:45.957246-04:00,18.11,2419,18.12,705,16.57,3083,16.58,2985
2021-10-01 10:01:45.957246-04:00,18.11,2419,18.12,705,16.57,3083,16.58,2985
2021-10-01 10:01:45.957246-04:00,18.11,2419,18.12,705,16.57,2544,16.58,3291
2021-10-01 10:01:45.957246-04:00,18.11,784,18.12,1128,16.57,2544,16.58,3291
2021-10-01 10:01:53.127445-04:00,18.11,784,18.12,1128,16.57,2544,16.58,3291
2021-10-01 10:01:53.127445-04:00,18.11,784,18.12,1128,16.57,2544,16.58,3291
2021-10-01 10:01:53.127445-04:00,18.11,2709,18.12,298,16.57,2930,16.58,2803
2021-10-01 10:01:58.139911-04:00,18.11,2709,18.12,298,16.57,2930,16.58,2803
2021-10-01 10:01:58.139911-04:00,18.11,2709,18.12,298,16.57,2930,16.58,2803
2021-10-01 10:01:58.139911-04:00,18.11,2709,18.12,298,16.57,2930,16.58,2803
2021-10-01 10:01:58.139911-04:00,18.11,2719,18.12,200,16.57,2894,16.58,3037
2021-10-01 10:02:11.547804-04:00,18.11,2719,18.12,200,16.57,2894,16.58,3037
2021-10-01 10:02:11.931775-04:00,18.11,2719,18.12,200,16.57,2894,16.58,3037
2021-10-01 10:02:11.931775-04:00,18.11,2719,18.12,200,16.57,2894,16.58,3037
2021-10-01 10:02:11.931775-04:00,18.11,2719,18.12,200,16.57,2894,16.58,3037
2021-10-01 10:02:11.931775-04:00,18.11,2719,18.12,200,16.57,2894,16.58,3037
2021-10-01 10:02:11.931775-04:00,18.11,2719,18.12,200,16.57,4528,16.58,2570
2021-10-01 10:02:11.931775-04:00,18.12,2860,18.13,513,16.57,4528,16.58,2570
2021-10-01 10:02:24.989435-04:00,18.12,2860,18.13,513,16.57,4528,16.58,2570
2021-10-01 10:02:24.989435-04:00,18.12,2860,18.13,513,16.57,4528,16.58,2570
2021-10-01 10:02:26.976607-04:00,18.12,2860,18.13,513,16.57,4528,16.58,2570
2021-10-01 10:02:26.976607-04:00,18.12,2860,18.13,513,16.57,4536,16.58,2557
2021-10-01 10:02:26.976607-04:00,18.12,2775,18.13,505,16.57,4536,16.58,2557
2021-10-01 10:02:26.976607-04:00,18.12,2775,18.13,505,16.57,4536,16.58,2557
2021-10-01 10:02:26.976607-04:00,18.12,2775,18.13,505,16.57,4536,16.58,2557
2021-10-01 10:02:26.976607-04:00,18.12,2775,18.13,505,16.57,4536,16.58,2557
2021-10-01 10:02:26.976607-04:00,18.12,2775,18.13,505,16.57,4536,16.58,2557
2021-10-01 10:02:38.517873-04:00,18.12,2775,18.13,505,16.58,1664,16.59,3253
2021-10-01 10:02:38.517873-04:00,18.13,2564,18.14,508,16.58,1664,16.59,3253
2021-10-01 10:02:38.517873-04:00,18.13,2564,18.14,508,16.58,1664,16.59,3253
2021-10-01 10:02:38.517873-04:00,18.13,2564,18.14,508,16.58,1664,16.59,3253
2021-10-01 10:02:45.033512-04:00,18.13,2564,18.14,508,16.58,1664,16.59,3253
2021-10-01 10:02:45.033512-04:00,18.13,2564,18.14,508,16.58,2,16.59,5040
2021-10-01 10:02:45.033512-04:00,18.13,25,18.14,3458,16.58,2,16.59,5040
2021-10-01 10:02:45.033512-04:00,18.13,25,18.14,3458,16.58,2,16.59,5040
2021-10-01 10:02:54.048717-04:00,18.13,25,18.14,3458,16.58,2,16.59,5040
2021-10-01 10:02:54.048717-04:00,18.13,25,18.14,3458,16.58,2,16.59,5040
2021-10-01 10:02:58.064467-04:00,18.13,25,18.14,3458,16.57,2952,16.58,3405
2021-10-01 10:02:58.064467-04:00,18.11,1968,18.12,772,16.57,2952,16.58,3405
2021-10-01 10:02:58.064467-04:00,18.11,1968,18.12,772,16.57,2952,16.58,3405
2021-10-01 10:02:58.064467-04:00,18.11,1968,18.12,772,16.57,2952,16.58,3405
2021-10-01 10:02:58.064467-04:00,18.11,1968,18.12,772,16.57,2703,16.58,3422
2021-10-01 10:03:08.095477-04:00,18.11,1809,18.12,574,16.57,2703,16.58,3422
2021-10-01 10:03:08.095477-04:00,18.11,1809,18.12,574,16.57,2703,16.58,3422
2021-10-01 10:03:08.095477-04:00,18.11,1809,18.12,574,16.57,2703,16.58,3422
2021-10-01 10:03:08.095477-04:00,18.11,1809,18.12,574,16.57,2703,16.58,3422
2021-10-01 10:03:08.095477-04:00,18.11,1809,18.12,574,16.57,2703,16.58,3422
2021-10-01 10:03:08.095477-04:00,18.11,1809,18.12,574,16.57,2755,16.58,3334
2021-10-01 10:03:18.987055-04:00,18.11,1809,18.12,574,16.57,2755,16.58,3334
2021-10-01 10:03:18.987055-04:00,18.11,2660,18.12,355,16.57,2755,16.58,3334
2021-10-01 10:03:23.130131-04:00,18.11,2660,18.12,355,16.57,4648,16.58,2714
2021-10-01 10:03:23.130131-04:00,18.11,2660,18.12,355,16.57,4648,16.58,2714
2021-10-01 10:03:28.145472-04:00,18.12,3075,18.13,499,16.57,4648,16.58,2714
2021-10-01 10:03:28.145472-04:00,18.12,3075,18.13,499,16.57,4648,16.58,2714
2021-10-01 10:03:28.145472-04:00,18.12,3075,18.13,499,16.57,4648,16.58,2714
2021-10-01 10:03:28.145472-04:00,18.12,3075,18.13,499,16.57,4648,16.58,2714
2021-10-01 10:03:28.145472-04:00,18.12,3075,18.13,499,16.57,4648,16.58,2714
2021-10-01 10:03:28.145472-04:00,18.12,3075,18.13,499,16.57,4570,16.58,398
2021-10-01 10:03:36.928237-04:00,18.12,3075,18.13,499,16.57,4570,16.58,398
2021-10-01 10:03:36.928237-04:00,18.12,3696,18.13,161,16.57,4570,16.58,398
2021-10-01 10:03:45.930379-04:00,18.12,3696,18.13,161,16.57,4570,16.58,398
2021-10-01 10:03:45.930379-04:00,18.12,3696,18.13,161,16.57,4570,16.58,398
2021-10-01 10:03:45.930379-04:00,18.12,3696,18.13,161,16.57,4344,16.58,2667
2021-10-01 10:03:45.930379-04:00,18.12,3151,18.13,618,16.57,4344,16.58,2667
2021-10-01 10:03:47.951316-04:00,18.12,3151,18.13,618,16.57,4344,16.58,2667
2021-10-01 10:03:51.962586-04:00,18.12,3151,18.13,618,16.57,4344,16.58,2667
2021-10-01 10:03:51.962586-04:00,18.12,3151,18.13,618,16.57,6019,16.58,415
2021-10-01 10:03:59.483576-04:00,18.13,962,18.14,1806,16.57,6019,16.58,415
2021-10-01 10:03:59.483576-04:00,18.13,962,18.14,1806,16.57,6019,16.58,415
2021-10-01 10:03:59.483576-04:00,18.13,962,18.14,1806,16.57,6019,16.58,415
2021-10-01 10:04:07.005021-04:00,18.13,962,18.14,1806,16.57,6019,16.58,415
2021-10-01 10:04:07.005021-04:00,18.13,862,18.14,2006,16.58,1830,16.59,3440
2021-10-01 10:04:07.005021-04:00,18.13,862,18.14,2006,16.58,1830,16.59,3440
2021-10-01 10:04:14.021089-04:00,18.13,862,18.14,2006,16.58,1830,16.59,3440
2021-10-01 10:04:14.021089-04:00,18.13,862,18.14,2006,16.58,509,16.59,3321
2021-10-01 10:04:14.021089-04:00,18.13,754,18.14,2146,16.58,509,16.59,3321
2021-10-01 10:04:14.021089-04:00,18.13,754,18.14,2146,16.58,509,16.59,3321
2021-10-01 10:04:14.021089-04:00,18.13,754,18.14,2146,16.58,2716,16.59,3343
2021-10-01 10:04:14.021089-04:00,18.13,2370,18.14,559,16.58,2716,16.59,3343
2021-10-01 10:04:28.057090-04:00,18.13,2370,18.14,559,16.58,2716,16.59,3343
2021-10-01 10:04:28.057090-04:00,18.13,2370,18.14,559,16.58,2716,16.59,3343
2021-10-01 10:04:28.057090-04:00,18.13,2370,18.14,559,16.58,2716,16.59,3343
2021-10-01 10:04:39.999313-04:00,18.13,807,18.14,1552,16.58,1356,16.59,3397
2021-10-01 10:04:39.999313-04:00,18.13,807,18.14,1552,16.58,1356,16.59,3397
2021-10-01 10:04:39.999313-04:00,18.13,807,18.14,1552,16.58,2421,16.59,3324
2021-10-01 10:04:48.117349-04:00,18.13,1097,18.14,1139,16.58,2421,16.59,3324
2021-10-01 10:04:48.117349-04:00,18.13,1097,18.14,1139,16.58,2421,16.59,3324
2021-10-01 10:04:48.117349-04:00,18.13,1097,18.14,1139,16.58,2421,16.59,3324
2021-10-01 10:04:48.117349-04:00,18.13,1097,18.14,1139,16.58,1594,16.59,3387
2021-10-01 10:04:57.989154-04:00,18.13,1097,18.14,1139,16.58,1594,16.59,3387
2021-10-01 10:04:57.989154-04:00,18.13,666,18.14,1905,16.58,1594,16.59,3387
2021-10-01 10:04:57.989154-04:00,18.13,666,18.14,1905,16.58,1594,16.59,3387
2021-10-01 10:04:57.989154-04:00,18.13,666,18.14,1905,16.58,27,16.59,3537
2021-10-01 10:04:57.989154-04:00,18.13,666,18.14,1905,16.58,27,16.59,3537
2021-10-01 10:04:57.989154-04:00,18.13,666,18.14,1905,16.58,27,16.59,3537
2021-10-01 10:04:57.989154-04:00,18.12,2697,18.13,728,16.58,27,16.59,3537
2021-10-01 10:05:07.995510-04:00,18.12,2697,18.13,728,16.58,27,16.59,3537
2021-10-01 10:05:07.995510-04:00,18.12,2697,18.13,728,16.58,27,16.59,3537
2021-10-01 10:05:07.995510-04:00,18.12,2697,18.13,728,16.58,27,16.59,3537
2021-10-01 10:05:16.017061-04:00,18.12,2697,18.13,728,16.58,27,16.59,3537
2021-10-01 10:05:16.017061-04:00,18.12,2697,18.13,728,16.58,27,16.59,3537
2021-10-01 10:05:16.017061-04:00,18.12,3244,18.13,63,16.57,5899,16.58,347
2021-10-01 10:05:16.017061-04:00,18.12,3244,18.13,63,16.57,5899,16.58,347
2021-10-01 10:05:16.017061-04:00,18.12,3244,18.13,63,16.57,5899,16.58,347
2021-10-01 10:05:27.045830-04:00,18.12,3244,18.13,63,16.57,5022,16.58,2311
2021-10-01 10:05:27.045830-04:00,18.12,3244,18.13,63,16.57,5022,16.58,2311
2021-10-01 10:05:27.045830-04:00,18.12,2945,18.13,928,16.57,5022,16.58,2311
2021-10-01 10:05:34.116817-04:00,18.12,2945,18.13,928,16.57,5022,16.58,2311
2021-10-01 10:05:38.076985-04:00,18.12,2945,18.13,928,16.57,3503,16.58,2800
2021-10-01 10:05:38.076985-04:00,18.11,2274,18.12,957,16.57,3503,16.58,2800
2021-10-01 10:05:38.076985-04:00,18.11,2274,18.12,957,16.57,3503,16.58,2800
2021-10-01 10:05:38.076985-04:00,18.11,2274,18.12,957,16.57,4501,16.58,2674
2021-10-01 10:05:48.108096-04:00,18.11,2979,18.12,172,16.57,4501,16.58,2674
2021-10-01 10:05:48.108096-04:00,18.11,2979,18.12,172,16.57,4501,16.58,2674
2021-10-01 10:05:48.108096-04:00,18.11,2979,18.12,172,16.57,4501,16.58,2674
2021-10-01 10:05:51.117812-04:00,18.11,2979,18.12,172,16.57,4501,16.58,2674
2021-10-01 10:05:51.117812-04:00,18.11,2979,18.12,172,16.57,5315,16.58,1149
2021-10-01 10:06:01.148892-04:00,18.12,2947,18.13,820,16.57,5315,16.58,1149
2021-10-01 10:06:02.145229-04:00,18.12,2947,18.13,820,16.57,5315,16.58,1149
2021-10-01 10:06:02.145229-04:00,18.12,2947,18.13,820,16.57,5315,16.58,1149
2021-10-01 10:06:02.145229-04:00,18.12,2947,18.13,820,16.58,3899,16.59,3435
2021-10-01 10:06:08.163824-04:00,18.12,2947,18.13,820,16.58,3899,16.59,3435
2021-10-01 10:06:08.163824-04:00,18.14,22,18.15,3205,16.58,3899,16.59,3435
2021-10-01 10:06:08.163824-04:00,18.14,22,18.15,3205,16.58,3899,16.59,3435
2021-10-01 10:06:17.941228-04:00,18.14,22,18.15,3205,16.58,5477,16.59,2971
2021-10-01 10:06:17.941228-04:00,18.14,917,18.15,1142,16.58,5477,16.59,2971
2021-10-01 10:06:17.941228-04:00,18.14,917,18.15,1142,16.58,5477,16.59,2971
2021-10-01 10:06:17.941228-04:00,18.14,917,18.15,1142,16.58,5477,16.59,2971
2021-10-01 10:06:17.941228-04:00,18.14,917,18.15,1142,16.58,7030,16.59,328
2021-10-01 10:06:28.096926-04:00,18.14,917,18.15,1142,16.58,7030,16.59,328
2021-10-01 10:06:28.096926-04:00,18.14,917,18.15,1142,16.58,7030,16.59,328
2021-10-01 10:06:28.096926-04:00,18.14,917,18.15,1142,16.58,7030,16.59,328
2021-10-01 10:06:28.096926-04:00,18.15,2351,18.16,905,16.58,7030,16.59,328
2021-10-01 10:06:28.096926-04:00,18.15,2351,18.16,905,16.58,7030,16.59,328
2021-10-01 10:06:28.096926-04:00,18.15,2351,18.16,905,16.58,7030,16.59,328
2021-10-01 10:06:28.096926-04:00,18.14,1961,18.15,1515,16.58,5332,16.59,2282
2021-10-01 10:06:41.575337-04:00,18.14,1961,18.15,1515,16.58,5332,16.59,2282
2021-10-01 10:06:41.575337-04:00,18.14,1961,18.15,1515,16.58,5332,16.59,2282
2021-10-01 10:06:41.575337-04:00,18.14,1961,18.15,1515,16.58,5844,16.59,2992
2021-10-01 10:06:41.575337-04:00,18.15,370,18.16,2188,16.58,5844,16.59,2992
2021-10-01 10:06:48.149768-04:00,18.15,370,18.16,2188,16.58,5844,16.59,2992
2021-10-01 10:06:48.149768-04:00,18.15,370,18.16,2188,16.58,5844,16.59,2992
2021-10-01 10:06:48.149768-04:00,18.15,370,18.16,2188,16.58,5844,16.59,2992
2021-10-01 10:06:48.149768-04:00,18.15,370,18.16,2188,16.58,5844,16.59,2992
2021-10-01 10:06:48.149768-04:00,18.15,370,18.16,2188,16.58,4265,16.59,3014
2021-10-01 10:06:48.149768-04:00,18.14,1396,18.15,1607,16.58,4265,16.59,3014
2021-10-01 10:06:58.172789-04:00,18.14,1396,18.15,1607,16.58,4265,16.59,3014
2021-10-01 10:06:58.172789-04:00,18.14,1396,18.15,1607,16.58,4265,16.59,3014
2021-10-01 10:06:58.172789-04:00,18.14,1396,18.15,1607,16.58,4265,16.59,3014
2021-10-01 10:06:58.172789-04:00,18.14,1396,18.15,1607,16.58,4265,16.59,3014
2021-10-01 10:06:58.172789-04:00,18.14,1396,18.15,1607,16.58,3494,16.59,2848
2021-10-01 10:06:58.172789-04:00,18.14,1252,18.15,952,16.58,3494,16.59,2848
2021-10-01 10:07:08.727565-04:00,18.14,1252,18.15,952,16.58,3494,16.59,2848
2021-10-01 10:07:08.727565-04:00,18.14,1252,18.15,952,16.58,3494,16.59,2848
2021-10-01 10:07:08.727565-04:00,18.14,1252,18.15,952,16.58,3494,16.59,2848
2021-10-01 10:07:08.727565-04:00,18.14,1252,18.15,952,16.58,3494,16.59,2848
2021-10-01 10:07:08.727565-04:00,18.14,1252,18.15,952,16.58,5295,16.59,2844
2021-10-01 10:07:08.727565-04:00,18.14,2195,18.15,672,16.58,5295,16.59,2844
2021-10-01 10:07:19.099589-04:00,18.14,2195,18.15,672,16.58,5295,16.59,2844
2021-10-01 10:07:19.099589-04:00,18.14,2195,18.15,672,16.58,5295,16.59,2844
2021-10-01 10:07:19.099589-04:00,18.14,2195,18.15,672,16.58,5295,16.59,2844
2021-10-01 10:07:25.114506-04:00,18.14,2195,18.15,672,16.58,5295,16.59,2844
2021-10-01 10:07:25.114506-04:00,18.14,2195,18.15,672,16.58,5295,16.59,2844
2021-10-01 10:07:25.114506-04:00,18.14,2195,18.15,672,16.58,6220,16.59,111
2021-10-01 10:07:25.114506-04:00,18.15,3463,18.16,657,16.58,6220,16.59,111
2021-10-01 10:07:25.114506-04:00,18.15,3463,18.16,657,16.58,4831,16.59,2244
2021-10-01 10:07:25.114506-04:00,18.15,3463,18.16,657,16.58,4831,16.59,2244
2021-10-01 10:07:25.114506-04:00,18.15,212,18.16,2081,16.58,4831,16.59,2244
2021-10-01 10:07:39.150981-04:00,18.15,212,18.16,2081,16.58,4831,16.59,2244
2021-10-01 10:07:39.150981-04:00,18.15,212,18.16,2081,16.58,4831,16.59,2244
2021-10-01 10:07:39.150981-04:00,18.15,212,18.16,2081,16.58,5082,16.59,2769
2021-10-01 10:07:39.150981-04:00,18.15,212,18.16,2081,16.58,5082,16.59,2769
2021-10-01 10:07:39.150981-04:00,18.15,285,18.16,2905,16.58,5082,16.59,2769
2021-10-01 10:07:50.123686-04:00,18.15,285,18.16,2905,16.58,5082,16.59,2769
2021-10-01 10:07:50.123686-04:00,18.15,285,18.16,2905,16.58,5082,16.59,2769
2021-10-01 10:07:50.123686-04:00,18.15,285,18.16,2905,16.58,3439,16.59,2903
2021-10-01 10:07:50.123686-04:00,18.15,285,18.16,2905,16.58,3439,16.59,2903
2021-10-01 10:07:50.123686-04:00,18.14,833,18.15,1336,16.58,3439,16.59,2903
2021-10-01 10:07:59.203409-04:00,18.14,833,18.15,1336,16.58,3439,16.59,2903
2021-10-01 10:07:59.203409-04:00,18.14,833,18.15,1336,16.58,3439,16.59,2903
2021-10-01 10:07:59.203409-04:00,18.14,833,18.15,1336,16.58,3439,16.59,2903
2021-10-01 10:07:59.203409-04:00,18.14,833,18.15,1336,16.58,4821,16.59,3169
2021-10-01 10:07:59.203409-04:00,18.14,833,18.15,1336,16.58,4821,16.59,3169
2021-10-01 10:08:09.171759-04:00,18.14,2741,18.15,97,16.58,4821,16.59,3169
2021-10-01 10:08:09.171759-04:00,18.14,2741,18.15,97,16.58,3496,16.59,1472
2021-10-01 10:08:09.171759-04:00,18.15,257,18.16,2574,16.58,3496,16.59,1472
2021-10-01 10:08:09.171759-04:00,18.15,257,18.16,2574,16.58,3496,16.59,1472
2021-10-01 10:08:19.276843-04:00,18.15,257,18.16,2574,16.58,3496,16.59,1472
2021-10-01 10:08:26.044747-04:00,18.15,257,18.16,2574,16.58,5006,16.59,1951
2021-10-01 10:08:26.044747-04:00,18.14,2456,18.15,1159,16.58,5006,16.59,1951
2021-10-01 10:08:31.273769-04:00,18.14,2456,18.15,1159,16.58,5006,16.59,1951
2021-10-01 10:08:31.273769-04:00,18.14,2456,18.15,1159,16.58,5006,16.59,1951
2021-10-01 10:08:31.273769-04:00,18.14,2456,18.15,1159,16.58,5006,16.59,1951
2021-10-01 10:08:31.273769-04:00,18.14,2456,18.15,1159,16.58,4892,16.59,1053
2021-10-01 10:08:31.273769-04:00,18.15,748,18.16,1553,16.58,4892,16.59,1053
2021-10-01 10:08:39.076906-04:00,18.15,748,18.16,1553,16.58,4892,16.59,1053
2021-10-01 10:08:39.076906-04:00,18.15,748,18.16,1553,16.58,4892,16.59,1053
2021-10-01 10:08:48.100778-04:00,18.15,748,18.16,1553,16.58,4892,16.59,1053
2021-10-01 10:08:48.100778-04:00,18.15,748,18.16,1553,16.58,6163,16.59,192
2021-10-01 10:08:48.100778-04:00,18.15,1778,18.16,979,16.58,6163,16.59,192
2021-10-01 10:08:48.100778-04:00,18.15,1778,18.16,979,16.58,6163,16.59,192
2021-10-01 10:08:51.109054-04:00,18.15,1778,18.16,979,16.58,6163,16.59,192
2021-10-01 10:08:51.109054-04:00,18.15,1778,18.16,979,16.59,5786,16.6,1929
2021-10-01 10:08:51.109054-04:00,18.16,3118,18.17,626,16.59,5786,16.6,1929
2021-10-01 10:08:59.271913-04:00,18.16,3118,18.17,626,16.59,5786,16.6,1929
2021-10-01 10:08:59.271913-04:00,18.16,3118,18.17,626,16.59,5786,16.6,1929
2021-10-01 10:08:59.271913-04:00,18.16,3118,18.17,626,16.59,5794,16.6,2419
2021-10-01 10:09:12.331984-04:00,18.16,2528,18.17,566,16.59,5794,16.6,2419
2021-10-01 10:09:12.331984-04:00,18.16,2528,18.17,566,16.59,5794,16.6,2419
2021-10-01 10:09:12.331984-04:00,18.16,2528,18.17,566,16.59,5794,16.6,2419
2021-10-01 10:09:12.331984-04:00,18.16,2528,18.17,566,16.59,5794,16.6,2419
2021-10-01 10:09:17.152097-04:00,18.16,2528,18.17,566,16.59,5794,16.6,2419
2021-10-01 10:09:17.152097-04:00,18.16,2528,18.17,566,16.59,5794,16.6,2419
2021-10-01 10:09:17.152097-04:00,18.16,2528,18.17,566,16.59,7128,16.6,28
2021-10-01 10:09:17.152097-04:00,18.17,3327,18.18,421,16.59,7128,16.6,28
2021-10-01 10:09:21.154396-04:00,18.17,3327,18.18,421,16.59,7128,16.6,28
2021-10-01 10:09:21.154396-04:00,18.17,3327,18.18,421,16.59,7128,16.6,28
2021-10-01 10:09:21.154396-04:00,18.17,3327,18.18,421,16.6,3508,16.61,1441
2021-10-01 10:09:21.154396-04:00,18.18,2562,18.19,722,16.6,3508,16.61,1441
2021-10-01 10:09:29.068238-04:00,18.18,2562,18.19,722,16.6,3508,16.61,1441
2021-10-01 10:09:34.080858-04:00,18.18,2562,18.19,722,16.6,3508,16.61,1441
2021-10-01 10:09:34.080858-04:00,18.18,2562,18.19,722,16.6,3508,16.61,1441
2021-10-01 10:09:39.201119-04:00,18.18,2562,18.19,722,16.6,3508,16.61,1441
2021-10-01 10:09:39.201119-04:00,18.17,1129,18.18,2416,16.59,5380,16.6,2998
2021-10-01 10:09:39.201119-04:00,18.17,1129,18.18,2416,16.59,5380,16.6,2998
2021-10-01 10:09:39.201119-04:00,18.17,1129,18.18,2416,16.59,5380,16.6,2998
2021-10-01 10:09:39.201119-04:00,18.17,1129,18.18,2416,16.6,2703,16.61,3127
2021-10-01 10:09:39.201119-04:00,18.17,2904,18.18,703,16.6,2703,16.61,3127
2021-10-01 10:09:49.123592-04:00,18.17,2904,18.18,703,16.6,2703,16.61,3127
2021-10-01 10:09:52.633206-04:00,18.17,2904,18.18,703,16.6,2703,16.61,3127
2021-10-01 10:09:52.633206-04:00,18.17,2904,18.18,703,16.6,2703,16.61,3127
2021-10-01 10:09:52.633206-04:00,18.17,2904,18.18,703,16.6,2958,16.61,3031
2021-10-01 10:09:59.143799-04:00,18.18,635,18.19,1310,16.6,2958,16.61,3031
2021-10-01 10:09:59.143799-04:00,18.18,635,18.19,1310,16.6,2958,16.61,3031
2021-10-01 10:09:59.143799-04:00,18.18,635,18.19,1310,16.6,4972,16.61,2567
2021-10-01 10:09:59.143799-04:00,18.19,695,18.2,1596,16.6,4972,16.61,2567
2021-10-01 10:10:09.166222-04:00,18.19,695,18.2,1596,16.6,4972,16.61,2567
2021-10-01 10:10:09.166222-04:00,18.19,695,18.2,1596,16.6,4972,16.61,2567
2021-10-01 10:10:09.166222-04:00,18.19,695,18.2,1596,16.6,4972,16.61,2567
2021-10-01 10:10:09.166222-04:00,18.19,695,18.2,1596,16.6,3291,16.61,2750
2021-10-01 10:10:09.166222-04:00,18.19,695,18.2,1596,16.6,3291,16.61,2750
2021-10-01 10:10:09.166222-04:00,18.18,1073,18.19,2520,16.6,3291,16.61,2750
2021-10-01 10:10:19.456508-04:00,18.18,1073,18.19,2520,16.6,3291,16.61,2750
2021-10-01 10:10:19.456508-04:00,18.18,1073,18.19,2520,16.6,3291,16.61,2750
2021-10-01 10:10:19.456508-04:00,18.18,1073,18.19,2520,16.6,3253,16.61,2857
2021-10-01 10:10:19.456508-04:00,18.18,1073,18.19,2520,16.6,3253,16.61,2857
2021-10-01 10:10:19.456508-04:00,18.19,423,18.2,3210,16.6,3253,16.61,2857
2021-10-01 10:10:29.218408-04:00,18.19,423,18.2,3210,16.6,3253,16.61,2857
2021-10-01 10:10:29.218408-04:00,18.19,423,18.2,3210,16.6,4204,16.61,2658
2021-10-01 10:10:29.218408-04:00,18.19,423,18.2,3210,16.6,4204,16.61,2658
2021-10-01 10:10:29.218408-04:00,18.18,2684,18.19,599,16.6,4204,16.61,2658
2021-10-01 10:10:39.247597-04:00,18.18,2684,18.19,599,16.6,4204,16.61,2658
2021-10-01 10:10:39.247597-04:00,18.18,2684,18.19,599,16.6,4204,16.61,2658
2021-10-01 10:10:47.269151-04:00,18.18,2684,18.19,599,16.6,4204,16.61,2658
2021-10-01 10:10:47.269151-04:00,18.18,2684,18.19,599,16.6,4289,16.61,2620
2021-10-01 10:10:47.269151-04:00,18.18,2719,18.19,557,16.6,4289,16.61,2620
2021-10-01 10:10:59.779853-04:00,18.18,2719,18.19,557,16.6,3266,16.61,2676
2021-10-01 10:10:59.779853-04:00,18.18,1799,18.19,412,16.6,3266,16.61,2676
2021-10-01 10:11:08.083500-04:00,18.18,1799,18.19,412,16.6,3266,16.61,2676
2021-10-01 10:11:08.083500-04:00,18.18,1799,18.19,412,16.6,4576,16.61,2355
2021-10-01 10:11:08.083500-04:00,18.19,891,18.2,2619,16.6,4576,16.61,2355
2021-10-01 10:11:08.083500-04:00,18.19,891,18.2,2619,16.6,4576,16.61,2355
2021-10-01 10:11:13.295535-04:00,18.19,891,18.2,2619,16.6,4583,16.61,2711
2021-10-01 10:11:13.295535-04:00,18.19,891,18.2,2619,16.6,4583,16.61,2711
2021-10-01 10:11:13.295535-04:00,18.19,625,18.2,2871,16.6,4583,16.61,2711
2021-10-01 10:11:19.288514-04:00,18.19,625,18.2,2871,16.6,4583,16.61,2711
2021-10-01 10:11:19.288514-04:00,18.19,625,18.2,2871,16.6,4583,16.61,2711
2021-10-01 10:11:23.048460-04:00,18.19,625,18.2,2871,16.6,4583,16.61,2711
2021-10-01 10:11:23.048460-04:00,18.19,625,18.2,2871,16.6,3306,16.61,2817
2021-10-01 10:11:23.048460-04:00,18.18,1841,18.19,1898,16.6,3306,16.61,2817
2021-10-01 10:11:23.048460-04:00,18.18,1841,18.19,1898,16.6,3306,16.61,2817
2021-10-01 10:11:34.079019-04:00,18.18,1841,18.19,1898,16.6,5308,16.61,2638
2021-10-01 10:11:34.079019-04:00,18.19,1877,18.2,2162,16.6,5308,16.61,2638
2021-10-01 10:11:40.891799-04:00,18.19,1877,18.2,2162,16.6,5308,16.61,2638
2021-10-01 10:11:43.103883-04:00,18.19,1877,18.2,2162,16.6,5308,16.61,2638
2021-10-01 10:11:46.111843-04:00,18.19,1877,18.2,2162,16.6,5308,16.61,2638
2021-10-01 10:11:46.111843-04:00,18.19,1877,18.2,2162,16.6,4298,16.61,2830
2021-10-01 10:11:46.111843-04:00,18.18,2402,18.19,1068,16.6,4298,16.61,2830
2021-10-01 10:11:46.111843-04:00,18.18,2402,18.19,1068,16.6,4298,16.61,2830
2021-10-01 10:11:46.111843-04:00,18.18,2402,18.19,1068,16.6,5060,16.61,901
2021-10-01 10:11:46.111843-04:00,18.19,1924,18.2,1043,16.6,5060,16.61,901
2021-10-01 10:11:46.111843-04:00,18.19,1924,18.2,1043,16.6,5060,16.61,901
2021-10-01 10:11:59.149026-04:00,18.19,1924,18.2,1043,16.6,5060,16.61,901
2021-10-01 10:11:59.149026-04:00,18.19,1924,18.2,1043,16.6,5060,16.61,901
2021-10-01 10:11:59.149026-04:00,18.19,1924,18.2,1043,16.6,5266,16.61,908
2021-10-01 10:11:59.149026-04:00,18.19,2627,18.2,686,16.6,5266,16.61,908
2021-10-01 10:12:09.176212-04:00,18.19,2627,18.2,686,16.6,5266,16.61,908
2021-10-01 10:12:21.423509-04:00,18.19,2627,18.2,686,16.6,5266,16.61,908
2021-10-01 10:12:21.423509-04:00,18.19,2627,18.2,686,16.61,2620,16.62,3955
2021-10-01 10:12:21.423509-04:00,18.19,2627,18.2,686,16.61,2620,16.62,3955
2021-10-01 10:12:21.423509-04:00,18.19,2627,18.2,686,16.61,2620,16.62,3955
2021-10-01 10:12:21.423509-04:00,18.2,697,18.21,2489,16.61,2620,16.62,3955
2021-10-01 10:12:24.283861-04:00,18.2,697,18.21,2489,16.6,6940,16.61,45
2021-10-01 10:12:24.283861-04:00,18.2,697,18.21,2489,16.6,6940,16.61,45
2021-10-01 10:12:24.283861-04:00,18.2,697,18.21,2489,16.6,6940,16.61,45
2021-10-01 10:12:29.072058-04:00,18.2,2368,18.21,1466,16.6,6940,16.61,45
2021-10-01 10:12:29.072058-04:00,18.2,2368,18.21,1466,16.6,6940,16.61,45
2021-10-01 10:12:29.072058-04:00,18.2,2368,18.21,1466,16.6,6940,16.61,45
2021-10-01 10:12:29.072058-04:00,18.2,2368,18.21,1466,16.6,5826,16.61,192
2021-10-01 10:12:29.072058-04:00,18.2,2368,18.21,1466,16.6,5826,16.61,192
2021-10-01 10:12:29.072058-04:00,18.19,2734,18.2,1113,16.6,5826,16.61,192
2021-10-01 10:12:39.099251-04:00,18.19,2734,18.2,1113,16.6,5826,16.61,192
2021-10-01 10:12:43.110524-04:00,18.19,2734,18.2,1113,16.6,6650,16.61,638
2021-10-01 10:12:43.110524-04:00,18.19,3457,18.2,366,16.6,6650,16.61,638
2021-10-01 10:12:43.110524-04:00,18.19,3457,18.2,366,16.6,6650,16.61,638
2021-10-01 10:12:49.129433-04:00,18.19,3457,18.2,366,16.6,6650,16.61,638
2021-10-01 10:12:49.129433-04:00,18.19,3457,18.2,366,16.6,6650,16.61,638
2021-10-01 10:12:49.129433-04:00,18.19,3457,18.2,366,16.6,5769,16.61,2833
2021-10-01 10:13:01.676888-04:00,18.19,2442,18.2,1048,16.6,5769,16.61,2833
2021-10-01 10:13:01.676888-04:00,18.19,2442,18.2,1048,16.6,5769,16.61,2833
2021-10-01 10:13:07.179176-04:00,18.19,2442,18.2,1048,16.6,5769,16.61,2833
2021-10-01 10:13:07.179176-04:00,18.19,2442,18.2,1048,16.6,3806,16.61,3098
2021-10-01 10:13:07.179176-04:00,18.19,2442,18.2,1048,16.6,3806,16.61,3098
2021-10-01 10:13:07.179176-04:00,18.18,2189,18.19,1027,16.6,3806,16.61,3098
2021-10-01 10:13:15.578711-04:00,18.18,2189,18.19,1027,16.6,3806,16.61,3098
2021-10-01 10:13:15.578711-04:00,18.18,2189,18.19,1027,16.6,3806,16.61,3098
2021-10-01 10:13:15.578711-04:00,18.18,2189,18.19,1027,16.6,3806,16.61,3098
2021-10-01 10:13:15.578711-04:00,18.18,2189,18.19,1027,16.6,3668,16.61,3051
2021-10-01 10:13:15.578711-04:00,18.19,40,18.2,2651,16.6,3668,16.61,3051
2021-10-01 10:13:19.204018-04:00,18.19,40,18.2,2651,16.6,3668,16.61,3051
2021-10-01 10:13:19.204018-04:00,18.19,40,18.2,2651,16.6,3975,16.61,3036
2021-10-01 10:13:19.204018-04:00,18.19,15,18.2,2643,16.6,3975,16.61,3036
2021-10-01 10:13:29.234092-04:00,18.19,15,18.2,2643,16.6,3975,16.61,3036
2021-10-01 10:13:29.234092-04:00,18.19,15,18.2,2643,16.6,3975,16.61,3036
2021-10-01 10:13:29.234092-04:00,18.19,15,18.2,2643,16.6,3769,16.61,3043
2021-10-01 10:13:29.234092-04:00,18.18,1486,18.19,912,16.6,3769,16.61,3043
2021-10-01 10:13:39.176510-04:00,18.18,1486,18.19,912,16.6,3769,16.61,3043
2021-10-01 10:13:45.047812-04:00,18.18,1486,18.19,912,16.6,3769,16.61,3043
2021-10-01 10:13:45.047812-04:00,18.18,1486,18.19,912,16.6,3983,16.61,2980
2021-10-01 10:13:45.047812-04:00,18.18,1486,18.19,912,16.6,3983,16.61,2980
2021-10-01 10:13:45.047812-04:00,18.19,296,18.2,2500,16.6,3983,16.61,2980
2021-10-01 10:13:45.047812-04:00,18.19,296,18.2,2500,16.6,3983,16.61,2980
2021-10-01 10:13:49.058091-04:00,18.19,296,18.2,2500,16.6,3983,16.61,2980
2021-10-01 10:13:49.058091-04:00,18.19,296,18.2,2500,16.6,3983,16.61,2980
2021-10-01 10:13:49.058091-04:00,18.19,296,18.2,2500,16.6,3983,16.61,2980
2021-10-01 10:13:49.058091-04:00,18.19,296,18.2,2500,16.6,5264,16.61,2475
2021-10-01 10:13:49.058091-04:00,18.19,296,18.2,2500,16.6,5264,16.61,2475
2021-10-01 10:13:59.255826-04:00,18.19,696,18.2,1120,16.6,5264,16.61,2475
2021-10-01 10:13:59.255826-04:00,18.19,696,18.2,1120,16.6,5264,16.61,2475
2021-10-01 10:13:59.255826-04:00,18.19,696,18.2,1120,16.6,5264,16.61,2475
2021-10-01 10:14:09.649039-04:00,18.19,696,18.2,1120,16.6,5264,16.61,2475
2021-10-01 10:14:09.649039-04:00,18.19,696,18.2,1120,16.6,3803,16.61,2692
2021-10-01 10:14:09.649039-04:00,18.18,1756,18.19,1327,16.6,3803,16.61,2692
2021-10-01 10:14:09.649039-04:00,18.18,1756,18.19,1327,16.6,3803,16.61,2692
2021-10-01 10:14:09.649039-04:00,18.18,1756,18.19,1327,16.6,3803,16.61,2692
2021-10-01 10:14:09.649039-04:00,18.18,1756,18.19,1327,16.6,3803,16.61,2692
2021-10-01 10:14:09.649039-04:00,18.18,1756,18.19,1327,16.6,3803,16.61,2692
2021-10-01 10:14:17.151979-04:00,18.18,1756,18.19,1327,16.61,3011,16.62,3044
2021-10-01 10:14:17.151979-04:00,18.2,1028,18.21,707,16.61,3011,16.62,3044
2021-10-01 10:14:19.155623-04:00,18.2,1028,18.21,707,16.61,3011,16.62,3044
2021-10-01 10:14:19.156620-04:00,18.2,1028,18.21,707,16.61,3011,16.62,3044
2021-10-01 10:14:25.094743-04:00,18.2,1028,18.21,707,16.61,3011,16.62,3044
2021-10-01 10:14:25.094743-04:00,18.2,1028,18.21,707,16.61,3011,16.62,3044
2021-10-01 10:14:25.094743-04:00,18.2,1028,18.21,707,16.61,2851,16.62,2718
2021-10-01 10:14:25.094743-04:00,18.2,990,18.21,650,16.61,2851,16.62,2718
2021-10-01 10:14:25.094743-04:00,18.2,990,18.21,650,16.61,2851,16.62,2718
2021-10-01 10:14:25.094743-04:00,18.2,990,18.21,650,16.61,175,16.62,689
2021-10-01 10:14:25.094743-04:00,18.2,990,18.21,650,16.61,175,16.62,689
2021-10-01 10:14:25.094743-04:00,18.19,1093,18.2,1434,16.61,175,16.62,689
2021-10-01 10:14:39.093316-04:00,18.19,1093,18.2,1434,16.61,175,16.62,689
2021-10-01 10:14:45.109231-04:00,18.19,1093,18.2,1434,16.61,175,16.62,689
2021-10-01 10:14:45.109231-04:00,18.19,1093,18.2,1434,16.6,370,16.61,355
2021-10-01 10:14:45.109231-04:00,18.19,575,18.2,172,16.6,370,16.61,355
2021-10-01 10:14:53.126795-04:00,18.19,575,18.2,172,16.6,370,16.61,355
2021-10-01 10:14:53.126795-04:00,18.19,575,18.2,172,16.6,370,16.61,355
2021-10-01 10:14:53.126795-04:00,18.19,13,18.2,44,16.59,4,16.61,3
2021-10-01 10:15:03.456111-04:00,18.19,13,18.2,44,16.59,4,16.61,3
2021-10-01 10:15:03.456111-04:00,18.19,13,18.2,44,16.59,4,16.61,3
2021-10-01 10:15:03.456111-04:00,18.19,13,18.2,44,16.61,258,16.62,10
2021-10-01 10:15:03.456111-04:00,18.22,289,18.23,177,16.61,258,16.62,10
2021-10-01 10:15:09.236654-04:00,18.22,289,18.23,177,16.61,258,16.62,10
2021-10-01 10:15:09.236654-04:00,18.22,289,18.23,177,16.61,258,16.62,10
2021-10-01 10:15:18.203679-04:00,18.22,289,18.23,177,16.61,257,16.62,21
2021-10-01 10:15:18.203679-04:00,18.22,289,18.23,177,16.61,257,16.62,21
2021-10-01 10:15:18.203679-04:00,18.23,256,18.24,362,16.61,257,16.62,21
2021-10-01 10:15:25.272779-04:00,18.23,256,18.24,362,16.61,257,16.62,21
2021-10-01 10:15:25.272779-04:00,18.23,528,18.24,301,16.62,281,16.63,504
2021-10-01 10:15:25.272779-04:00,18.23,528,18.24,301,16.62,281,16.63,504
2021-10-01 10:15:31.056318-04:00,18.23,528,18.24,301,16.62,281,16.63,504
2021-10-01 10:15:31.056318-04:00,18.23,528,18.24,301,16.63,1814,16.64,2025
2021-10-01 10:15:31.056318-04:00,18.23,528,18.24,301,16.63,1814,16.64,2025
2021-10-01 10:15:31.056318-04:00,18.23,528,18.24,301,16.63,1814,16.64,2025
2021-10-01 10:15:31.056318-04:00,18.25,983,18.26,104,16.63,1814,16.64,2025
2021-10-01 10:15:39.075877-04:00,18.25,983,18.26,104,16.63,1814,16.64,2025
2021-10-01 10:15:39.075877-04:00,18.25,983,18.26,104,16.63,1814,16.64,2025
2021-10-01 10:15:39.075877-04:00,18.25,983,18.26,104,16.65,1106,16.66,419
2021-10-01 10:15:39.075877-04:00,18.25,983,18.26,104,16.65,1106,16.66,419
2021-10-01 10:15:39.075877-04:00,18.25,983,18.26,104,16.65,1106,16.66,419
2021-10-01 10:15:39.075877-04:00,18.29,660,18.3,477,16.65,1106,16.66,419
2021-10-01 10:15:49.108053-04:00,18.29,660,18.3,477,16.65,1106,16.66,419
2021-10-01 10:15:49.108053-04:00,18.29,660,18.3,477,16.65,1106,16.66,419
2021-10-01 10:15:49.108053-04:00,18.29,660,18.3,477,16.65,1106,16.66,419
2021-10-01 10:15:49.108053-04:00,18.29,660,18.3,477,16.64,1876,16.65,1446
2021-10-01 10:15:49.108053-04:00,18.29,660,18.3,477,16.64,1876,16.65,1446
2021-10-01 10:15:49.108053-04:00,18.28,555,18.29,639,16.64,1876,16.65,1446
2021-10-01 10:15:59.142266-04:00,18.28,555,18.29,639,16.64,1876,16.65,1446
2021-10-01 10:15:59.142266-04:00,18.28,555,18.29,639,16.64,1876,16.65,1446
2021-10-01 10:15:59.142266-04:00,18.27,913,18.28,521,16.64,2165,16.65,2129
2021-10-01 10:16:10.591656-04:00,18.27,913,18.28,521,16.64,2165,16.65,2129
2021-10-01 10:16:10.591656-04:00,18.27,913,18.28,521,16.64,2165,16.65,2129
2021-10-01 10:16:18.111560-04:00,18.27,913,18.28,521,16.64,2182,16.65,1999
2021-10-01 10:16:18.111560-04:00,18.27,913,18.28,521,16.64,2182,16.65,1999
2021-10-01 10:16:18.111560-04:00,18.28,191,18.29,1957,16.64,2182,16.65,1999
2021-10-01 10:16:18.111560-04:00,18.28,191,18.29,1957,16.64,2182,16.65,1999
2021-10-01 10:16:19.114869-04:00,18.28,191,18.29,1957,16.64,2182,16.65,1999
2021-10-01 10:16:19.114869-04:00,18.28,191,18.29,1957,16.64,2182,16.65,1999
2021-10-01 10:16:19.114869-04:00,18.28,191,18.29,1957,16.64,2203,16.65,2119
2021-10-01 10:16:19.114869-04:00,18.27,1394,18.28,154,16.64,2203,16.65,2119
2021-10-01 10:16:29.141983-04:00,18.27,1394,18.28,154,16.64,2203,16.65,2119
2021-10-01 10:16:29.141983-04:00,18.27,1394,18.28,154,16.64,2203,16.65,2119
2021-10-01 10:16:29.141983-04:00,18.27,1394,18.28,154,16.64,3493,16.65,513
2021-10-01 10:16:29.141983-04:00,18.28,1345,18.29,502,16.64,3493,16.65,513
2021-10-01 10:16:29.141983-04:00,18.28,1345,18.29,502,16.64,3493,16.65,513
2021-10-01 10:16:39.306805-04:00,18.28,1345,18.29,502,16.64,3493,16.65,513
2021-10-01 10:16:39.306805-04:00,18.28,1345,18.29,502,16.64,3493,16.65,513
2021-10-01 10:16:39.306805-04:00,18.28,1345,18.29,502,16.64,3493,16.65,513
2021-10-01 10:16:39.306805-04:00,18.28,1442,18.29,362,16.65,11,16.66,1919
2021-10-01 10:16:51.431391-04:00,18.28,1442,18.29,362,16.65,11,16.66,1919
2021-10-01 10:16:51.432388-04:00,18.28,1442,18.29,362,16.65,11,16.66,1919
2021-10-01 10:16:51.432388-04:00,18.28,1442,18.29,362,16.65,11,16.66,1919
2021-10-01 10:16:51.432388-04:00,18.28,1442,18.29,362,16.65,177,16.66,2112
2021-10-01 10:16:51.432388-04:00,18.29,250,18.3,1469,16.65,177,16.66,2112
2021-10-01 10:16:59.130806-04:00,18.29,250,18.3,1469,16.65,177,16.66,2112
2021-10-01 10:16:59.130806-04:00,18.29,250,18.3,1469,16.65,177,16.66,2112
2021-10-01 10:17:01.134446-04:00,18.29,250,18.3,1469,16.64,104,16.65,2263
2021-10-01 10:17:01.134446-04:00,18.27,538,18.28,2227,16.64,104,16.65,2263
2021-10-01 10:17:09.199884-04:00,18.27,538,18.28,2227,16.64,104,16.65,2263
2021-10-01 10:17:09.199884-04:00,18.27,538,18.28,2227,16.64,104,16.65,2263
2021-10-01 10:17:09.199884-04:00,18.27,538,18.28,2227,16.64,104,16.65,2263
2021-10-01 10:17:09.199884-04:00,18.27,538,18.28,2227,16.64,104,16.65,2263
2021-10-01 10:17:09.199884-04:00,18.26,654,18.27,1812,16.63,2654,16.64,1743
2021-10-01 10:17:19.178205-04:00,18.26,654,18.27,1812,16.63,2654,16.64,1743
2021-10-01 10:17:23.214414-04:00,18.26,654,18.27,1812,16.63,2654,16.64,1743
2021-10-01 10:17:31.756578-04:00,18.26,898,18.27,1271,16.63,3283,16.64,1144
2021-10-01 10:17:31.756578-04:00,18.26,898,18.27,1271,16.63,3283,16.64,1144
2021-10-01 10:17:31.782507-04:00,18.26,898,18.27,1271,16.63,3903,16.64,1667
2021-10-01 10:17:31.782507-04:00,18.26,273,18.27,1695,16.63,3903,16.64,1667
2021-10-01 10:17:39.252536-04:00,18.26,273,18.27,1695,16.63,3903,16.64,1667
2021-10-01 10:17:39.252536-04:00,18.26,273,18.27,1695,16.63,3903,16.64,1667
2021-10-01 10:17:39.252536-04:00,18.26,273,18.27,1695,16.63,3903,16.64,1667
2021-10-01 10:17:39.252536-04:00,18.26,273,18.27,1695,16.63,3903,16.64,1667
2021-10-01 10:17:39.252536-04:00,18.26,273,18.27,1695,16.63,3943,16.64,230
2021-10-01 10:17:39.252536-04:00,18.26,1492,18.27,972,16.63,3943,16.64,230
2021-10-01 10:17:39.252536-04:00,18.26,1492,18.27,972,16.63,3943,16.64,230
2021-10-01 10:17:49.284005-04:00,18.26,1492,18.27,972,16.63,3943,16.64,230
2021-10-01 10:17:49.284005-04:00,18.26,1492,18.27,972,16.63,3873,16.64,31
2021-10-01 10:17:49.284005-04:00,18.26,1491,18.27,624,16.63,3873,16.64,31
2021-10-01 10:17:59.304874-04:00,18.26,1491,18.27,624,16.63,3873,16.64,31
2021-10-01 10:17:59.304874-04:00,18.26,1491,18.27,624,16.63,3873,16.64,31
2021-10-01 10:18:12.007913-04:00,18.25,901,18.26,1401,16.63,1713,16.64,1932
2021-10-01 10:18:12.007913-04:00,18.25,901,18.26,1401,16.63,1713,16.64,1932
2021-10-01 10:18:17.055426-04:00,18.25,901,18.26,1401,16.63,1713,16.64,1932
2021-10-01 10:18:17.055426-04:00,18.25,901,18.26,1401,16.63,1713,16.64,1932
2021-10-01 10:18:17.055426-04:00,18.25,901,18.26,1401,16.63,1713,16.64,1932
2021-10-01 10:18:17.055426-04:00,18.25,901,18.26,1401,16.62,3106,16.63,1691
2021-10-01 10:18:19.059059-04:00,18.23,1713,18.24,228,16.62,3106,16.63,1691
2021-10-01 10:18:19.059059-04:00,18.23,1713,18.24,228,16.62,3106,16.63,1691
2021-10-01 10:18:19.059059-04:00,18.23,1713,18.24,228,16.62,3106,16.63,1691
2021-10-01 10:18:19.059059-04:00,18.23,1713,18.24,228,16.62,3106,16.63,1691
2021-10-01 10:18:19.059059-04:00,18.23,1713,18.24,228,16.62,37,16.63,2009
2021-10-01 10:18:19.059059-04:00,18.22,1517,18.23,723,16.62,37,16.63,2009
2021-10-01 10:18:29.196957-04:00,18.22,1517,18.23,723,16.62,37,16.63,2009
2021-10-01 10:18:29.196957-04:00,18.22,1517,18.23,723,16.62,37,16.63,2009
2021-10-01 10:18:29.196957-04:00,18.22,1517,18.23,723,16.62,37,16.63,2009
2021-10-01 10:18:29.196957-04:00,18.22,1517,18.23,723,16.62,37,16.63,2009
2021-10-01 10:18:29.196957-04:00,18.22,1517,18.23,723,16.61,2402,16.62,865
2021-10-01 10:18:29.196957-04:00,18.22,267,18.23,2488,16.61,2402,16.62,865
2021-10-01 10:18:39.069558-04:00,18.22,267,18.23,2488,16.61,2402,16.62,865
2021-10-01 10:18:47.241320-04:00,18.22,267,18.23,2488,16.61,2402,16.62,865
2021-10-01 10:18:47.241320-04:00,18.22,267,18.23,2488,16.61,2402,16.62,865
2021-10-01 10:18:48.243052-04:00,18.22,267,18.23,2488,16.61,2402,16.62,865
2021-10-01 10:18:48.243052-04:00,18.22,2140,18.23,212,16.62,2305,16.63,1937
2021-10-01 10:18:48.243052-04:00,18.22,2140,18.23,212,16.62,3043,16.63,1780
2021-10-01 10:18:48.243052-04:00,18.22,2140,18.23,212,16.62,3043,16.63,1780
2021-10-01 10:18:48.243052-04:00,18.22,2140,18.23,212,16.62,3043,16.63,1780
2021-10-01 10:18:48.243052-04:00,18.22,2140,18.23,212,16.62,3043,16.63,1780
2021-10-01 10:18:59.161841-04:00,18.23,1426,18.24,1046,16.62,3043,16.63,1780
2021-10-01 10:18:59.161841-04:00,18.23,1426,18.24,1046,16.62,3043,16.63,1780
2021-10-01 10:18:59.161841-04:00,18.23,1426,18.24,1046,16.62,3043,16.63,1780
2021-10-01 10:19:06.195031-04:00,18.23,1426,18.24,1046,16.62,3043,16.63,1780
2021-10-01 10:19:06.195031-04:00,18.23,1426,18.24,1046,16.62,3043,16.63,1780
2021-10-01 10:19:06.195031-04:00,18.24,865,18.25,1236,16.62,4126,16.63,617
2021-10-01 10:19:09.290753-04:00,18.24,865,18.25,1236,16.62,4126,16.63,617
2021-10-01 10:19:09.290753-04:00,18.24,865,18.25,1236,16.62,4126,16.63,617
2021-10-01 10:19:09.290753-04:00,18.24,865,18.25,1236,16.62,4126,16.63,617
2021-10-01 10:19:19.633102-04:00,18.24,2572,18.25,53,16.62,4126,16.63,617
2021-10-01 10:19:19.633102-04:00,18.24,2572,18.25,53,16.62,4126,16.63,617
2021-10-01 10:19:19.660028-04:00,18.24,2572,18.25,53,16.63,1347,16.64,1985
2021-10-01 10:19:19.660028-04:00,18.24,2572,18.25,53,16.63,1347,16.64,1985
