time,bid1,bid_size1,ask1,ask_size1,bid2,bid_size2,ask2,ask_size2
2021-09-24 09:30:06.094881-04:00,17.44,550,17.45,292,16.25,1364,16.26,731
2021-09-24 09:30:06.550662-04:00,17.44,550,17.45,292,16.25,1364,16.26,731
2021-09-24 09:30:06.550662-04:00,17.44,1254,17.45,25,16.25,1364,16.26,731
2021-09-24 09:30:06.550662-04:00,17.44,1254,17.45,25,16.25,1364,16.26,57
2021-09-24 09:30:10.556949-04:00,17.44,1254,17.45,25,16.25,1364,16.26,57
2021-09-24 09:30:10.556949-04:00,17.44,1254,17.45,25,16.26,344,16.27,988
2021-09-24 09:30:10.556949-04:00,17.44,1254,17.45,25,16.26,344,16.27,988
2021-09-24 09:30:31.181807-04:00,17.44,1254,17.45,25,16.26,344,16.27,988
2021-09-24 09:30:31.181807-04:00,17.44,1254,17.45,25,16.26,344,16.27,988
2021-09-24 09:30:31.181807-04:00,17.44,1223,17.46,391,16.26,344,16.27,988
2021-09-24 09:30:31.181807-04:00,17.44,1223,17.46,391,16.26,968,16.27,988
2021-09-24 09:30:31.181807-04:00,17.44,1223,17.46,391,16.26,968,16.27,988
2021-09-24 09:30:31.181807-04:00,17.44,1222,17.46,391,16.26,968,16.27,988
2021-09-24 09:30:31.181807-04:00,17.44,1222,17.46,391,16.26,968,16.27,988
2021-09-24 09:30:36.707034-04:00,17.44,1222,17.46,391,16.26,968,16.27,988
2021-09-24 09:30:36.707034-04:00,17.44,1222,17.46,391,16.26,968,16.27,988
2021-09-24 09:30:36.707034-04:00,17.44,1222,17.46,391,16.26,968,16.27,988
2021-09-24 09:30:36.707034-04:00,17.44,1315,17.46,397,16.26,968,16.27,988
2021-09-24 09:30:48.719917-04:00,17.44,1315,17.46,397,16.26,1089,16.27,988
2021-09-24 09:30:48.719917-04:00,17.44,1269,17.46,415,16.26,1089,16.27,988
2021-09-24 09:30:48.719917-04:00,17.44,1269,17.46,415,16.26,1089,16.27,988
2021-09-24 09:30:57.974189-04:00,17.44,1269,17.46,415,16.26,1089,16.27,988
2021-09-24 09:30:57.974189-04:00,17.44,1269,17.46,415,16.26,1089,16.27,988
2021-09-24 09:30:57.974189-04:00,17.44,1269,17.46,415,16.26,1089,16.27,988
2021-09-24 09:30:57.974189-04:00,17.44,1269,17.46,415,16.26,1089,16.27,1804
2021-09-24 09:30:57.974189-04:00,17.45,939,17.46,531,16.26,1089,16.27,1804
2021-09-24 09:31:11.327476-04:00,17.45,939,17.46,531,16.26,1089,16.27,1804
2021-09-24 09:31:11.327476-04:00,17.45,939,17.46,531,16.26,1089,16.27,1804
2021-09-24 09:31:11.327476-04:00,17.45,939,17.46,531,16.26,1089,16.27,1804
2021-09-24 09:31:11.327476-04:00,17.45,939,17.46,531,16.26,1089,16.27,1804
2021-09-24 09:31:11.327476-04:00,17.45,91,17.46,459,16.26,1089,16.27,1804
2021-09-24 09:31:16.505628-04:00,17.45,91,17.46,459,16.26,1089,16.27,1804
2021-09-24 09:31:16.505628-04:00,17.45,91,17.46,459,16.26,409,16.27,1804
2021-09-24 09:31:16.505628-04:00,17.45,91,17.46,459,16.26,409,16.27,1804
2021-09-24 09:31:16.505628-04:00,17.45,91,17.46,459,16.26,409,16.27,1804
2021-09-24 09:31:24.702714-04:00,17.44,1266,17.45,192,16.25,1314,16.26,272
2021-09-24 09:31:24.702714-04:00,17.44,1266,17.45,192,16.25,1314,16.26,272
2021-09-24 09:31:24.702714-04:00,17.44,1266,17.45,192,16.25,1314,16.26,272
2021-09-24 09:31:32.527794-04:00,17.44,1266,17.45,192,16.25,1314,16.26,272
2021-09-24 09:31:32.527794-04:00,17.44,1266,17.45,192,16.25,1314,16.26,272
2021-09-24 09:31:32.527794-04:00,17.44,1024,17.45,192,16.25,1314,16.26,272
2021-09-24 09:31:32.527794-04:00,17.44,1024,17.45,192,16.25,1304,16.26,272
2021-09-24 09:31:32.527794-04:00,17.44,1024,17.45,192,16.25,1304,16.26,272
2021-09-24 09:31:32.527794-04:00,17.44,1024,17.45,192,16.25,1304,16.26,272
2021-09-24 09:31:32.527794-04:00,17.44,1024,17.45,192,16.25,1304,16.26,272
2021-09-24 09:31:32.527794-04:00,17.45,65,17.46,534,16.25,1304,16.26,272
2021-09-24 09:31:51.504057-04:00,17.45,65,17.46,534,16.25,1304,16.26,272
2021-09-24 09:31:51.504057-04:00,17.45,65,17.46,534,16.26,1123,16.27,1725
2021-09-24 09:31:51.504057-04:00,17.45,65,17.46,534,16.26,1123,16.27,1725
2021-09-24 09:31:51.504057-04:00,17.45,1042,17.46,512,16.26,1123,16.27,1725
2021-09-24 09:31:51.504057-04:00,17.45,1042,17.46,512,16.26,1123,16.27,1725
2021-09-24 09:31:51.504057-04:00,17.45,1042,17.46,512,16.26,1123,16.27,1725
2021-09-24 09:31:51.504057-04:00,17.45,1042,17.46,512,16.26,1123,16.27,1725
2021-09-24 09:31:58.560194-04:00,17.45,1042,17.46,512,16.26,1123,16.27,1725
2021-09-24 09:31:58.560194-04:00,17.45,1042,17.46,512,16.26,1190,16.27,1580
2021-09-24 09:32:04.898247-04:00,17.45,1042,17.46,512,16.26,1190,16.27,1580
2021-09-24 09:32:04.898247-04:00,17.45,872,17.46,448,16.26,688,16.27,993
2021-09-24 09:32:04.898247-04:00,17.45,872,17.46,448,16.26,688,16.27,993
2021-09-24 09:32:04.898247-04:00,17.45,872,17.46,448,16.26,688,16.27,993
2021-09-24 09:32:04.898247-04:00,17.45,872,17.46,448,16.26,386,16.27,930
2021-09-24 09:32:04.898247-04:00,17.45,872,17.46,448,16.26,386,16.27,930
2021-09-24 09:32:14.581358-04:00,17.45,872,17.46,448,16.26,386,16.27,930
2021-09-24 09:32:14.581358-04:00,17.45,999,17.46,64,16.26,386,16.27,930
2021-09-24 09:32:14.581358-04:00,17.45,999,17.46,64,16.26,386,16.27,930
2021-09-24 09:32:14.581358-04:00,17.45,999,17.46,64,16.26,792,16.27,965
2021-09-24 09:32:24.594586-04:00,17.45,999,17.46,64,16.26,792,16.27,965
2021-09-24 09:32:24.594586-04:00,17.45,999,17.46,64,16.26,792,16.27,965
2021-09-24 09:32:24.594586-04:00,17.45,904,17.46,448,16.26,792,16.27,965
2021-09-24 09:32:24.594586-04:00,17.45,904,17.46,448,16.26,792,16.27,965
2021-09-24 09:32:24.594586-04:00,17.45,904,17.46,448,16.26,792,16.27,965
2021-09-24 09:32:24.594586-04:00,17.45,904,17.46,448,16.26,557,16.27,1781
2021-09-24 09:32:24.594586-04:00,17.45,904,17.46,448,16.26,557,16.27,1781
2021-09-24 09:32:37.611785-04:00,17.45,904,17.46,448,16.26,557,16.27,1781
2021-09-24 09:32:37.611785-04:00,17.44,1281,17.46,606,16.26,557,16.27,1781
2021-09-24 09:32:37.611785-04:00,17.44,1281,17.46,606,16.26,557,16.27,1781
2021-09-24 09:32:46.621696-04:00,17.44,1281,17.46,606,16.26,557,16.27,1781
2021-09-24 09:32:46.621696-04:00,17.44,1281,17.46,606,16.26,557,16.27,1781
2021-09-24 09:32:46.621696-04:00,17.44,1281,17.46,606,16.26,549,16.27,1655
2021-09-24 09:32:46.621696-04:00,17.45,110,17.46,534,16.26,549,16.27,1655
2021-09-24 09:32:46.621696-04:00,17.45,110,17.46,534,16.26,549,16.27,1655
2021-09-24 09:32:46.621696-04:00,17.44,1390,17.46,544,16.26,549,16.27,1655
2021-09-24 09:32:46.621696-04:00,17.44,1390,17.46,544,16.26,549,16.27,1655
2021-09-24 09:33:05.683731-04:00,17.44,1390,17.46,544,16.26,549,16.27,1655
2021-09-24 09:33:05.683731-04:00,17.44,1390,17.46,544,16.26,614,16.27,1651
2021-09-24 09:33:05.683731-04:00,17.44,1250,17.46,612,16.26,614,16.27,1651
2021-09-24 09:33:05.683731-04:00,17.44,1250,17.46,612,16.26,614,16.27,1651
2021-09-24 09:33:25.331861-04:00,17.44,1250,17.46,612,16.26,614,16.27,1651
2021-09-24 09:33:25.331861-04:00,17.44,1250,17.46,612,16.26,614,16.27,1651
2021-09-24 09:33:45.693629-04:00,17.44,1250,17.46,612,16.26,614,16.27,1651
2021-09-24 09:33:45.693629-04:00,17.44,1250,17.46,612,16.26,716,16.27,1651
2021-09-24 09:33:45.693629-04:00,17.44,1250,17.46,612,16.26,716,16.27,1651
2021-09-24 09:33:45.693629-04:00,17.44,1250,17.46,612,16.26,716,16.27,1651
2021-09-24 09:33:45.693629-04:00,17.45,258,17.46,477,16.26,716,16.27,1651
2021-09-24 09:33:45.693629-04:00,17.45,258,17.46,477,16.26,716,16.27,1651
2021-09-24 09:33:57.713679-04:00,17.45,258,17.46,477,16.26,716,16.27,1651
2021-09-24 09:33:57.713679-04:00,17.45,258,17.46,477,16.26,1218,16.27,1442
2021-09-24 09:33:57.713679-04:00,17.45,969,17.46,512,16.26,1218,16.27,1442
2021-09-24 09:33:57.713679-04:00,17.45,969,17.46,512,16.26,1218,16.27,1442
2021-09-24 09:34:06.729342-04:00,17.45,969,17.46,512,16.26,1218,16.27,1442
2021-09-24 09:34:06.729342-04:00,17.45,969,17.46,512,16.26,1218,16.27,1442
2021-09-24 09:34:06.729342-04:00,17.45,969,17.46,512,16.26,1218,16.27,1442
2021-09-24 09:34:06.729342-04:00,17.45,969,17.46,512,16.26,650,16.27,1714
2021-09-24 09:34:06.729342-04:00,17.45,5,17.46,730,16.26,650,16.27,1714
2021-09-24 09:34:06.729342-04:00,17.45,5,17.46,730,16.26,650,16.27,1714
2021-09-24 09:34:06.729342-04:00,17.45,5,17.46,730,16.26,136,16.26,136
2021-09-24 09:34:18.960639-04:00,17.45,5,17.46,730,16.26,136,16.26,136
2021-09-24 09:34:18.960639-04:00,17.44,430,17.45,329,16.26,136,16.26,136
2021-09-24 09:34:18.960639-04:00,17.44,430,17.45,329,16.26,136,16.26,136
2021-09-24 09:34:18.960639-04:00,17.44,430,17.45,329,16.26,136,16.26,136
2021-09-24 09:34:28.498963-04:00,17.44,430,17.45,329,16.25,776,16.26,373
2021-09-24 09:34:28.498963-04:00,17.44,468,17.45,324,16.25,776,16.26,373
2021-09-24 09:34:28.498963-04:00,17.44,468,17.45,324,16.25,776,16.26,373
2021-09-24 09:34:28.498963-04:00,17.44,259,17.45,462,16.25,776,16.26,919
2021-09-24 09:34:35.508667-04:00,17.44,259,17.45,462,16.25,776,16.26,919
2021-09-24 09:34:35.508667-04:00,17.44,259,17.45,462,16.25,776,16.26,919
2021-09-24 09:34:40.518526-04:00,17.44,259,17.45,462,16.25,776,16.26,919
2021-09-24 09:34:40.518526-04:00,17.44,259,17.45,462,16.25,776,16.26,919
2021-09-24 09:34:40.518526-04:00,17.44,259,17.45,462,16.25,776,16.26,919
2021-09-24 09:34:40.518526-04:00,17.44,259,17.45,462,16.25,776,16.26,919
2021-09-24 09:34:40.518526-04:00,17.44,259,17.45,462,16.25,1320,16.26,476
2021-09-24 09:34:40.518526-04:00,17.44,575,17.45,270,16.25,1320,16.26,476
2021-09-24 09:34:55.599755-04:00,17.44,575,17.45,270,16.25,1320,16.26,476
2021-09-24 09:34:55.599755-04:00,17.44,575,17.45,270,16.25,1320,16.26,476
2021-09-24 09:34:55.599755-04:00,17.44,365,17.45,270,16.25,1320,16.26,612
2021-09-24 09:34:55.599755-04:00,17.44,365,17.45,270,16.25,1320,16.26,612
2021-09-24 09:34:55.599755-04:00,17.44,365,17.45,270,16.25,1320,16.26,612
2021-09-24 09:34:55.599755-04:00,17.44,1196,17.46,540,16.25,1320,16.26,612
2021-09-24 09:35:02.545847-04:00,17.44,1196,17.46,540,16.25,1320,16.26,612
2021-09-24 09:35:02.545847-04:00,17.44,1196,17.46,540,16.25,1320,16.26,612
2021-09-24 09:35:02.545847-04:00,17.44,1196,17.46,540,16.25,1320,16.26,612
2021-09-24 09:35:02.545847-04:00,17.44,1196,17.46,540,16.26,601,16.27,1590
2021-09-24 09:35:02.545847-04:00,17.44,1196,17.46,540,16.26,601,16.27,1590
2021-09-24 09:35:02.545847-04:00,17.45,15,17.46,540,16.26,601,16.27,1590
2021-09-24 09:35:02.545847-04:00,17.45,15,17.46,540,16.26,728,16.27,1590
2021-09-24 09:35:02.545847-04:00,17.45,15,17.46,540,16.26,728,16.27,1590
2021-09-24 09:35:02.545847-04:00,17.45,15,17.46,540,16.26,728,16.27,1590
2021-09-24 09:35:02.545847-04:00,17.45,15,17.46,540,16.26,728,16.27,1590
2021-09-24 09:35:02.545847-04:00,17.45,15,17.46,540,16.26,728,16.27,1590
2021-09-24 09:35:02.545847-04:00,17.45,15,17.46,540,16.26,728,16.27,1590
2021-09-24 09:35:02.545847-04:00,17.45,17,17.46,500,16.26,728,16.27,1590
2021-09-24 09:35:02.545847-04:00,17.45,17,17.46,500,16.26,645,16.27,1526
2021-09-24 09:35:02.545847-04:00,17.45,17,17.46,500,16.26,645,16.27,1526
2021-09-24 09:35:02.545847-04:00,17.45,412,17.46,500,16.26,645,16.27,1526
2021-09-24 09:35:30.582572-04:00,17.45,412,17.46,500,16.26,645,16.27,1526
2021-09-24 09:35:30.582572-04:00,17.45,412,17.46,500,16.26,981,16.27,1526
2021-09-24 09:35:30.582572-04:00,17.45,412,17.46,500,16.26,981,16.27,1526
2021-09-24 09:35:42.598435-04:00,17.45,412,17.46,500,16.26,981,16.27,1526
2021-09-24 09:35:42.598435-04:00,17.45,412,17.46,500,16.26,981,16.27,1526
2021-09-24 09:35:42.598435-04:00,17.45,1220,17.46,344,16.26,981,16.27,1526
2021-09-24 09:35:42.598435-04:00,17.45,1220,17.46,344,16.26,981,16.27,1406
2021-09-24 09:35:42.598435-04:00,17.45,1220,17.46,344,16.26,981,16.27,1406
2021-09-24 09:35:42.598435-04:00,17.45,1220,17.46,344,16.26,981,16.27,1406
2021-09-24 09:35:57.615286-04:00,17.45,1220,17.46,344,16.26,981,16.27,1406
2021-09-24 09:35:57.615286-04:00,17.45,1220,17.46,344,16.26,1243,16.27,650
2021-09-24 09:35:57.615286-04:00,17.45,1220,17.46,344,16.26,1243,16.27,650
2021-09-24 09:35:57.615286-04:00,17.46,292,17.47,433,16.26,1243,16.27,650
2021-09-24 09:35:57.615286-04:00,17.46,292,17.47,433,16.26,1243,16.27,650
2021-09-24 09:36:06.585302-04:00,17.46,292,17.47,433,16.26,1243,16.27,650
2021-09-24 09:36:06.585302-04:00,17.46,292,17.47,433,16.26,1243,16.27,1486
2021-09-24 09:36:06.585302-04:00,17.46,317,17.47,474,16.26,1243,16.27,1486
2021-09-24 09:36:06.585302-04:00,17.46,317,17.47,474,16.26,1243,16.27,1486
2021-09-24 09:36:06.585302-04:00,17.46,317,17.47,474,16.26,1243,16.27,1486
2021-09-24 09:36:06.585302-04:00,17.46,317,17.47,474,16.26,1243,16.27,1341
2021-09-24 09:36:06.585302-04:00,17.46,180,17.47,426,16.26,1243,16.27,1341
2021-09-24 09:36:06.585302-04:00,17.46,180,17.47,426,16.26,1243,16.27,1341
2021-09-24 09:36:25.647727-04:00,17.46,1059,17.47,336,16.26,1243,16.27,1341
2021-09-24 09:36:25.647727-04:00,17.46,1059,17.47,336,16.26,1243,16.27,1341
2021-09-24 09:36:25.647727-04:00,17.46,1059,17.47,336,16.26,733,16.27,815
2021-09-24 09:36:25.647727-04:00,17.46,1059,17.47,336,16.26,733,16.27,815
2021-09-24 09:36:25.647727-04:00,17.46,1058,17.47,336,16.26,733,16.27,817
2021-09-24 09:36:25.647727-04:00,17.46,1058,17.47,336,16.26,733,16.27,817
2021-09-24 09:36:25.647727-04:00,17.46,1058,17.47,336,16.26,733,16.27,817
2021-09-24 09:36:25.647727-04:00,17.46,438,17.47,347,16.26,733,16.27,817
2021-09-24 09:36:25.647727-04:00,17.46,438,17.47,347,16.26,1333,16.27,1187
2021-09-24 09:36:48.676157-04:00,17.46,438,17.47,347,16.26,1333,16.27,1187
2021-09-24 09:36:48.676157-04:00,17.46,438,17.47,347,16.26,1333,16.27,1264
2021-09-24 09:36:56.686741-04:00,17.46,438,17.47,347,16.26,1333,16.27,1264
2021-09-24 09:36:56.686741-04:00,17.46,127,17.47,430,16.26,1333,16.27,1264
2021-09-24 09:36:56.686741-04:00,17.46,127,17.47,430,16.26,1333,16.27,1264
2021-09-24 09:36:56.686741-04:00,17.46,127,17.47,430,16.26,1333,16.27,1264
2021-09-24 09:36:56.686741-04:00,17.46,69,17.47,437,16.26,1333,16.27,1264
2021-09-24 09:36:56.686741-04:00,17.46,69,17.47,437,16.26,1333,16.27,1264
2021-09-24 09:37:08.701618-04:00,17.46,69,17.47,437,16.26,1204,16.27,1240
2021-09-24 09:37:13.650386-04:00,17.46,69,17.47,437,16.26,1204,16.27,1240
2021-09-24 09:37:13.650386-04:00,17.46,15,17.47,442,16.26,1204,16.27,1240
2021-09-24 09:37:13.650386-04:00,17.46,15,17.47,442,16.26,1204,16.27,1240
2021-09-24 09:37:13.650386-04:00,17.46,15,17.47,442,16.26,1204,16.27,1240
2021-09-24 09:37:13.650386-04:00,17.46,15,17.47,442,16.26,1204,16.27,1240
2021-09-24 09:37:13.650386-04:00,17.46,237,17.47,352,16.26,1204,16.27,1240
2021-09-24 09:37:13.650386-04:00,17.46,1187,17.47,341,16.26,1204,16.27,1240
2021-09-24 09:37:40.343021-04:00,17.46,1187,17.47,341,16.26,1180,16.27,629
2021-09-24 09:37:40.343021-04:00,17.46,1187,17.47,341,16.26,1180,16.27,629
2021-09-24 09:37:40.343021-04:00,17.46,1187,17.47,341,16.26,1180,16.27,629
2021-09-24 09:37:47.496894-04:00,17.46,1187,17.47,341,16.26,1180,16.27,629
2021-09-24 09:37:47.496894-04:00,17.46,1187,17.47,341,16.26,1332,16.27,1196
2021-09-24 09:37:47.496894-04:00,17.46,11,17.47,496,16.26,1332,16.27,1196
2021-09-24 09:37:47.496894-04:00,17.46,11,17.47,496,16.26,1332,16.27,1196
2021-09-24 09:37:47.496894-04:00,17.46,665,17.47,224,16.26,1332,16.27,1196
2021-09-24 09:37:47.496894-04:00,17.46,665,17.47,224,16.26,1332,16.27,1196
2021-09-24 09:37:58.510449-04:00,17.46,665,17.47,224,16.26,1212,16.27,533
2021-09-24 09:37:58.510449-04:00,17.46,665,17.47,224,16.26,1212,16.27,533
2021-09-24 09:37:58.510449-04:00,17.46,665,17.47,224,16.26,1212,16.27,533
2021-09-24 09:37:58.510449-04:00,17.46,821,17.47,291,16.26,1212,16.27,533
2021-09-24 09:38:08.521687-04:00,17.46,821,17.47,291,16.26,1212,16.27,871
2021-09-24 09:38:08.521687-04:00,17.46,821,17.47,291,16.26,1212,16.27,871
2021-09-24 09:38:08.521687-04:00,17.46,821,17.47,291,16.26,1212,16.27,871
2021-09-24 09:38:08.521687-04:00,17.46,821,17.47,291,16.26,1212,16.27,871
2021-09-24 09:38:11.524658-04:00,17.46,821,17.47,291,16.26,1212,16.27,871
2021-09-24 09:38:11.524658-04:00,17.46,470,17.47,297,16.26,1212,16.27,871
2021-09-24 09:38:11.524658-04:00,17.46,470,17.47,297,16.26,1212,16.27,1163
2021-09-24 09:38:11.524658-04:00,17.46,470,17.47,297,16.26,1212,16.27,1163
2021-09-24 09:38:11.524658-04:00,17.46,470,17.47,297,16.26,1212,16.27,1163
2021-09-24 09:38:26.543535-04:00,17.46,470,17.47,297,16.26,1212,16.27,1163
2021-09-24 09:38:26.543535-04:00,17.46,1208,17.47,280,16.26,1212,16.27,1163
2021-09-24 09:38:26.543535-04:00,17.46,1208,17.47,280,16.26,1332,16.27,867
2021-09-24 09:38:26.543535-04:00,17.46,1208,17.47,280,16.26,1332,16.27,867
2021-09-24 09:38:36.553740-04:00,17.46,1208,17.47,280,16.26,1332,16.27,867
2021-09-24 09:38:36.553740-04:00,17.46,1208,17.47,280,16.26,1212,16.27,1327
2021-09-24 09:38:36.553740-04:00,17.46,1208,17.47,280,16.26,1212,16.27,1327
2021-09-24 09:38:36.553740-04:00,17.46,295,17.47,362,16.26,1212,16.27,1327
2021-09-24 09:38:36.553740-04:00,17.46,295,17.47,362,16.26,1212,16.27,1327
2021-09-24 09:38:36.553740-04:00,17.46,295,17.47,362,16.26,1212,16.27,1327
2021-09-24 09:38:36.553740-04:00,17.46,295,17.47,362,16.26,1207,16.27,662
2021-09-24 09:38:36.553740-04:00,17.46,1188,17.47,336,16.26,1207,16.27,662
2021-09-24 09:38:36.553740-04:00,17.46,1188,17.47,336,16.26,1207,16.27,662
2021-09-24 09:38:47.600207-04:00,17.46,1188,17.47,336,16.26,1207,16.27,662
2021-09-24 09:38:47.600207-04:00,17.46,1188,17.47,336,16.26,1207,16.27,662
2021-09-24 09:38:47.600207-04:00,17.46,1188,17.47,336,16.26,1207,16.27,662
2021-09-24 09:39:01.044263-04:00,17.46,1140,17.47,56,16.26,1207,16.27,662
2021-09-24 09:39:01.044263-04:00,17.46,1140,17.47,56,16.26,1189,16.27,480
2021-09-24 09:39:01.044263-04:00,17.46,1140,17.47,56,16.26,1189,16.27,480
2021-09-24 09:39:01.044263-04:00,17.46,1140,17.47,56,16.26,1189,16.27,480
2021-09-24 09:39:01.044263-04:00,17.46,1140,17.47,56,16.26,1189,16.27,480
2021-09-24 09:39:01.044263-04:00,17.47,1171,17.48,112,16.26,1189,16.27,480
2021-09-24 09:39:01.044263-04:00,17.47,1171,17.48,112,16.26,1189,16.27,480
2021-09-24 09:39:08.590101-04:00,17.47,1171,17.48,112,16.26,1189,16.27,480
2021-09-24 09:39:08.590101-04:00,17.47,1171,17.48,112,16.27,613,16.28,1423
2021-09-24 09:39:08.590101-04:00,17.47,1171,17.48,112,16.27,613,16.28,1423
2021-09-24 09:39:14.594035-04:00,17.47,1171,17.48,112,16.27,613,16.28,1423
2021-09-24 09:39:14.594035-04:00,17.47,1171,17.48,112,16.27,613,16.28,1423
2021-09-24 09:39:14.594035-04:00,17.48,107,17.49,401,16.27,613,16.28,1423
2021-09-24 09:39:14.594035-04:00,17.48,107,17.49,401,16.27,613,16.28,1423
2021-09-24 09:39:14.594035-04:00,17.48,107,17.49,401,16.27,1093,16.28,1047
2021-09-24 09:39:14.594035-04:00,17.48,107,17.49,401,16.27,1093,16.28,1047
2021-09-24 09:39:14.594035-04:00,17.48,107,17.49,401,16.27,1093,16.28,1047
2021-09-24 09:39:21.603296-04:00,17.48,107,17.49,401,16.27,1093,16.28,1047
2021-09-24 09:39:21.603296-04:00,17.48,107,17.49,401,16.27,1093,16.28,1030
2021-09-24 09:39:21.603296-04:00,17.48,120,17.49,353,16.27,1093,16.28,1030
2021-09-24 09:39:21.603296-04:00,17.48,120,17.49,353,16.27,1093,16.28,1030
2021-09-24 09:39:21.603296-04:00,17.48,120,17.49,353,16.27,1093,16.28,1030
2021-09-24 09:39:21.603296-04:00,17.48,120,17.49,353,16.27,1093,16.28,1030
2021-09-24 09:39:21.603296-04:00,17.48,120,17.49,353,16.27,1093,16.28,1030
2021-09-24 09:39:21.603296-04:00,17.48,120,17.49,353,16.27,1093,16.28,1030
2021-09-24 09:39:21.603296-04:00,17.48,120,17.49,353,16.27,1093,16.28,1009
2021-09-24 09:39:34.657390-04:00,17.48,120,17.49,353,16.27,1093,16.28,1009
2021-09-24 09:39:34.657390-04:00,17.48,92,17.49,422,16.27,1093,16.28,1009
2021-09-24 09:39:34.657390-04:00,17.48,92,17.49,422,16.27,1093,16.28,1009
2021-09-24 09:39:34.657390-04:00,17.48,92,17.49,422,16.27,1093,16.28,1009
2021-09-24 09:39:34.657390-04:00,17.48,1368,17.5,238,16.27,1093,16.28,1009
2021-09-24 09:39:34.657390-04:00,17.48,1368,17.5,238,16.27,1093,16.28,1009
2021-09-24 09:39:48.635021-04:00,17.48,1368,17.5,238,16.27,1093,16.28,1009
2021-09-24 09:39:48.635021-04:00,17.48,1368,17.5,238,16.27,1093,16.28,1009
2021-09-24 09:39:48.635021-04:00,17.48,1368,17.5,238,16.28,600,16.29,998
2021-09-24 09:39:54.621016-04:00,17.48,1368,17.5,238,16.28,1341,16.29,1641
2021-09-24 09:39:54.621016-04:00,17.49,463,17.5,459,16.28,1341,16.29,1641
2021-09-24 09:39:54.621016-04:00,17.49,463,17.5,459,16.28,1341,16.29,1641
2021-09-24 09:39:54.621016-04:00,17.49,463,17.5,459,16.28,1341,16.29,1641
2021-09-24 09:39:54.621016-04:00,17.49,463,17.5,459,16.28,1341,16.29,1641
2021-09-24 09:39:54.621016-04:00,17.48,1044,17.5,483,16.28,1341,16.29,1641
2021-09-24 09:39:54.621016-04:00,17.48,1044,17.5,483,16.28,1341,16.29,1641
2021-09-24 09:40:08.657486-04:00,17.48,1044,17.5,483,16.28,684,16.29,1641
2021-09-24 09:40:08.657486-04:00,17.48,1044,17.5,483,16.28,684,16.29,1641
2021-09-24 09:40:08.657486-04:00,17.48,1044,17.5,483,16.28,684,16.29,1641
2021-09-24 09:40:08.657486-04:00,17.49,978,17.5,478,16.28,684,16.29,1641
2021-09-24 09:40:21.348556-04:00,17.49,978,17.5,478,16.28,684,16.29,1641
2021-09-24 09:40:21.348556-04:00,17.49,978,17.5,478,16.28,1202,16.29,1775
2021-09-24 09:40:21.348556-04:00,17.49,978,17.5,478,16.28,1202,16.29,1775
2021-09-24 09:40:21.348556-04:00,17.49,978,17.5,478,16.28,1202,16.29,1775
2021-09-24 09:40:21.348556-04:00,17.49,978,17.5,478,16.28,1442,16.29,930
2021-09-24 09:40:21.348556-04:00,17.49,978,17.5,478,16.28,1442,16.29,930
2021-09-24 09:40:21.348556-04:00,17.5,126,17.51,69,16.28,1442,16.29,930
2021-09-24 09:40:28.680952-04:00,17.5,126,17.51,69,16.28,1442,16.29,930
2021-09-24 09:40:28.680952-04:00,17.5,126,17.51,69,16.28,1442,16.29,930
2021-09-24 09:40:28.680952-04:00,17.5,126,17.51,69,16.28,1442,16.29,930
2021-09-24 09:40:28.680952-04:00,17.5,126,17.51,69,16.28,1442,16.29,930
2021-09-24 09:40:36.690537-04:00,17.5,126,17.51,69,16.28,1442,16.29,930
2021-09-24 09:40:36.690537-04:00,17.5,1241,17.52,123,16.29,76,16.3,1016
2021-09-24 09:40:36.690537-04:00,17.5,1092,17.51,62,16.29,76,16.3,1016
2021-09-24 09:40:36.690537-04:00,17.5,1092,17.51,62,16.29,76,16.3,1016
2021-09-24 09:40:48.706447-04:00,17.5,1092,17.51,62,16.29,76,16.3,1016
2021-09-24 09:40:48.706447-04:00,17.5,1092,17.51,62,16.28,1484,16.29,703
2021-09-24 09:40:56.754929-04:00,17.5,1092,17.51,62,16.28,1484,16.29,703
2021-09-24 09:40:56.754929-04:00,17.5,721,17.52,399,16.28,1484,16.29,703
2021-09-24 09:40:56.754929-04:00,17.5,721,17.52,399,16.29,75,16.3,1939
2021-09-24 09:40:56.754929-04:00,17.5,721,17.52,399,16.29,75,16.3,1939
2021-09-24 09:40:56.754929-04:00,17.5,721,17.52,399,16.29,75,16.3,1939
2021-09-24 09:40:56.754929-04:00,17.5,721,17.52,399,16.29,75,16.3,1939
2021-09-24 09:40:56.754929-04:00,17.51,64,17.52,340,16.29,75,16.3,1939
2021-09-24 09:40:56.754929-04:00,17.51,64,17.52,340,16.29,75,16.3,1939
2021-09-24 09:41:07.479258-04:00,17.51,64,17.52,340,16.29,406,16.3,976
2021-09-24 09:41:07.479258-04:00,17.51,64,17.52,340,16.29,406,16.3,976
2021-09-24 09:41:15.487835-04:00,17.51,64,17.52,340,16.29,406,16.3,976
2021-09-24 09:41:15.487835-04:00,17.5,1055,17.52,599,16.29,406,16.3,976
2021-09-24 09:41:15.487835-04:00,17.5,1055,17.52,599,16.29,406,16.3,976
2021-09-24 09:41:15.487835-04:00,17.5,1055,17.52,599,16.28,923,16.29,402
2021-09-24 09:41:15.487835-04:00,17.5,1055,17.52,599,16.28,923,16.29,402
2021-09-24 09:41:15.487835-04:00,17.5,1055,17.52,599,16.28,923,16.29,402
2021-09-24 09:41:15.487835-04:00,17.5,1055,17.52,599,16.28,923,16.29,402
2021-09-24 09:41:15.487835-04:00,17.5,1318,17.52,585,16.28,923,16.29,402
2021-09-24 09:41:15.487835-04:00,17.5,1318,17.52,585,16.29,58,16.3,1857
2021-09-24 09:41:15.487835-04:00,17.5,1318,17.52,585,16.29,52,16.3,1783
2021-09-24 09:41:15.487835-04:00,17.5,1318,17.52,523,16.29,52,16.3,1783
2021-09-24 09:41:15.487835-04:00,17.5,1318,17.52,523,16.29,52,16.3,1783
2021-09-24 09:41:15.487835-04:00,17.5,1318,17.52,523,16.29,52,16.3,1783
2021-09-24 09:41:47.714674-04:00,17.5,1318,17.52,523,16.29,52,16.3,1783
2021-09-24 09:41:47.714674-04:00,17.51,64,17.52,391,16.29,52,16.3,1783
2021-09-24 09:41:47.714674-04:00,17.51,64,17.52,391,16.29,439,16.3,1839
2021-09-24 09:41:55.472932-04:00,17.51,64,17.52,391,16.29,439,16.3,1839
2021-09-24 09:41:55.472932-04:00,17.51,64,17.52,391,16.29,687,16.3,1839
2021-09-24 09:41:55.472932-04:00,17.51,355,17.52,391,16.29,687,16.3,1839
2021-09-24 09:42:09.120445-04:00,17.51,355,17.52,391,16.29,687,16.3,1839
2021-09-24 09:42:09.120445-04:00,17.51,374,17.52,434,16.29,687,16.3,1839
2021-09-24 09:42:09.120445-04:00,17.51,374,17.52,434,16.29,687,16.3,1839
2021-09-24 09:42:09.120445-04:00,17.51,374,17.52,434,16.29,553,16.3,1839
2021-09-24 09:42:09.120445-04:00,17.51,1265,17.52,434,16.29,553,16.3,1839
2021-09-24 09:42:09.120445-04:00,17.51,1265,17.52,434,16.29,553,16.3,1839
2021-09-24 09:42:09.120445-04:00,17.51,1265,17.52,434,16.29,553,16.3,1839
2021-09-24 09:42:09.120445-04:00,17.51,1265,17.52,434,16.29,648,16.3,1839
2021-09-24 09:42:09.120445-04:00,17.51,1313,17.53,252,16.29,648,16.3,1839
2021-09-24 09:42:09.120445-04:00,17.51,1313,17.53,252,16.29,670,16.3,1571
2021-09-24 09:42:09.120445-04:00,17.51,1313,17.53,252,16.29,670,16.3,1571
2021-09-24 09:42:23.507983-04:00,17.51,1313,17.53,252,16.29,670,16.3,1571
2021-09-24 09:42:23.507983-04:00,17.51,1313,17.53,252,16.29,670,16.3,1571
2021-09-24 09:42:23.507983-04:00,17.51,1313,17.53,252,16.29,670,16.3,1571
2021-09-24 09:42:23.507983-04:00,17.51,1313,17.53,252,16.29,670,16.3,1571
2021-09-24 09:42:23.507983-04:00,17.52,124,17.53,521,16.29,670,16.3,1571
2021-09-24 09:42:23.507983-04:00,17.52,124,17.53,521,16.29,670,16.3,1571
2021-09-24 09:42:37.524517-04:00,17.52,124,17.53,521,16.29,670,16.3,1571
2021-09-24 09:42:37.524517-04:00,17.52,124,17.53,521,16.29,1365,16.3,1738
2021-09-24 09:42:37.524517-04:00,17.52,124,17.53,521,16.29,1365,16.3,1738
2021-09-24 09:42:37.524517-04:00,17.52,124,17.53,521,16.29,1365,16.3,1738
2021-09-24 09:42:37.524517-04:00,17.51,490,17.52,388,16.29,1365,16.3,1738
2021-09-24 09:42:50.203662-04:00,17.51,490,17.52,388,16.29,1365,16.3,1738
2021-09-24 09:42:50.203662-04:00,17.51,490,17.52,388,16.29,946,16.3,1872
2021-09-24 09:42:50.203662-04:00,17.51,555,17.52,141,16.29,946,16.3,1872
2021-09-24 09:42:55.545380-04:00,17.51,555,17.52,141,16.29,946,16.3,1872
2021-09-24 09:42:55.545380-04:00,17.51,555,17.52,141,16.29,910,16.3,1872
2021-09-24 09:42:55.545380-04:00,17.51,580,17.52,88,16.29,910,16.3,1872
2021-09-24 09:42:55.545380-04:00,17.51,580,17.52,88,16.29,910,16.3,1872
2021-09-24 09:42:55.545380-04:00,17.51,439,17.52,263,16.29,1140,16.3,1872
2021-09-24 09:43:17.476835-04:00,17.51,439,17.52,263,16.29,1140,16.3,1872
2021-09-24 09:43:21.577871-04:00,17.51,439,17.52,263,16.29,1140,16.3,1872
2021-09-24 09:43:21.577871-04:00,17.51,439,17.52,263,16.29,1140,16.3,1872
2021-09-24 09:43:21.577871-04:00,17.51,439,17.52,263,16.29,1262,16.3,1604
2021-09-24 09:43:21.577871-04:00,17.51,1452,17.53,381,16.29,1262,16.3,1604
2021-09-24 09:43:21.577871-04:00,17.51,1452,17.53,372,16.29,1262,16.3,1604
2021-09-24 09:43:21.577871-04:00,17.51,1452,17.53,372,16.29,1262,16.3,1604
2021-09-24 09:43:21.577871-04:00,17.51,1452,17.53,372,16.29,1262,16.3,1604
2021-09-24 09:43:21.577871-04:00,17.51,1452,17.53,372,16.29,929,16.3,1701
2021-09-24 09:43:21.577871-04:00,17.51,1452,17.53,372,16.29,929,16.3,1701
2021-09-24 09:43:21.577871-04:00,17.51,1340,17.53,717,16.29,929,16.3,1701
2021-09-24 09:43:21.577871-04:00,17.5,1407,17.52,576,16.29,929,16.3,1701
2021-09-24 09:43:57.767116-04:00,17.5,1407,17.52,576,16.29,929,16.3,1701
2021-09-24 09:43:57.767116-04:00,17.5,1407,17.52,576,16.29,573,16.3,1919
2021-09-24 09:43:57.767116-04:00,17.5,1407,17.52,576,16.29,573,16.3,1919
2021-09-24 09:44:07.630773-04:00,17.5,1407,17.52,576,16.29,573,16.3,1919
2021-09-24 09:44:07.630773-04:00,17.5,1407,17.52,576,16.29,134,16.29,192
2021-09-24 09:44:07.630773-04:00,17.5,1550,17.52,594,16.29,134,16.29,192
2021-09-24 09:44:07.630773-04:00,17.5,1550,17.52,594,16.29,134,16.29,192
2021-09-24 09:44:07.630773-04:00,17.5,661,17.52,545,16.29,134,16.29,192
2021-09-24 09:44:18.645296-04:00,17.5,661,17.52,545,16.29,134,16.29,192
2021-09-24 09:44:18.645296-04:00,17.5,661,17.52,545,16.29,134,16.29,192
2021-09-24 09:44:18.645296-04:00,17.5,661,17.52,545,16.28,992,16.29,508
2021-09-24 09:44:18.645296-04:00,17.5,661,17.52,545,16.28,992,16.29,508
2021-09-24 09:44:18.645296-04:00,17.5,661,17.52,545,16.28,992,16.29,508
2021-09-24 09:44:18.645296-04:00,17.5,661,17.52,545,16.28,992,16.29,508
2021-09-24 09:44:18.645296-04:00,17.5,661,17.52,545,16.28,990,16.29,508
2021-09-24 09:44:18.645296-04:00,17.5,604,17.52,605,16.28,990,16.29,508
2021-09-24 09:44:18.645296-04:00,17.51,332,17.52,497,16.28,990,16.29,508
2021-09-24 09:44:18.645296-04:00,17.51,332,17.52,497,16.28,990,16.29,508
2021-09-24 09:44:38.669688-04:00,17.51,332,17.52,497,16.28,990,16.29,508
2021-09-24 09:44:38.669688-04:00,17.51,332,17.52,497,16.28,990,16.29,508
2021-09-24 09:44:38.669688-04:00,17.51,332,17.52,497,16.29,714,16.3,1950
2021-09-24 09:44:38.669688-04:00,17.51,332,17.52,497,16.29,714,16.3,1950
2021-09-24 09:44:38.669688-04:00,17.51,1388,17.52,130,16.29,714,16.3,1950
2021-09-24 09:44:47.678715-04:00,17.51,1388,17.52,130,16.29,714,16.3,1950
2021-09-24 09:44:47.678715-04:00,17.51,1388,17.52,130,16.29,970,16.3,1942
2021-09-24 09:44:47.678715-04:00,17.51,1388,17.52,130,16.29,970,16.3,1942
2021-09-24 09:44:47.678715-04:00,17.51,800,17.52,1001,16.29,970,16.3,1942
2021-09-24 09:44:58.692269-04:00,17.51,800,17.52,1001,16.29,970,16.3,1942
2021-09-24 09:44:58.692269-04:00,17.51,800,17.52,1001,16.28,1448,16.29,1217
2021-09-24 09:44:58.692269-04:00,17.51,800,17.52,1001,16.28,1448,16.29,1217
2021-09-24 09:44:59.694589-04:00,17.51,800,17.52,1001,16.28,1448,16.29,1217
2021-09-24 09:45:04.973476-04:00,17.51,800,17.52,1001,16.28,1448,16.29,1217
2021-09-24 09:45:06.701854-04:00,17.51,800,17.52,1001,16.28,1448,16.29,1217
2021-09-24 09:45:07.704175-04:00,17.51,800,17.52,1001,16.28,1448,16.29,1217
2021-09-24 09:45:07.704175-04:00,17.51,800,17.52,1001,16.28,1448,16.29,1217
2021-09-24 09:45:07.704175-04:00,17.5,1935,17.51,30,16.28,1448,16.29,1217
2021-09-24 09:45:07.704175-04:00,17.5,1935,17.51,30,16.28,2126,16.29,737
2021-09-24 09:45:07.704175-04:00,17.5,1935,17.51,30,16.28,2126,16.29,737
2021-09-24 09:45:18.518264-04:00,17.51,52,17.52,1055,16.28,2126,16.29,737
2021-09-24 09:45:18.518264-04:00,17.51,52,17.52,1055,16.28,2126,16.29,737
2021-09-24 09:45:18.518264-04:00,17.51,52,17.52,1055,16.28,2418,16.29,1497
2021-09-24 09:45:18.518264-04:00,17.51,40,17.52,1146,16.28,2418,16.29,1497
2021-09-24 09:45:18.518264-04:00,17.51,40,17.52,1146,16.28,2418,16.29,1497
2021-09-24 09:45:18.518264-04:00,17.51,40,17.52,1146,16.28,2418,16.29,1497
2021-09-24 09:45:27.727639-04:00,17.51,40,17.52,1146,16.28,2418,16.29,1497
2021-09-24 09:45:27.727639-04:00,17.51,40,17.52,1146,16.28,2418,16.29,1497
2021-09-24 09:45:27.727639-04:00,17.51,40,17.52,1146,16.28,2569,16.29,1
2021-09-24 09:45:27.727639-04:00,17.51,40,17.52,1146,16.28,2569,16.29,1
2021-09-24 09:45:31.886521-04:00,17.51,40,17.52,1146,16.28,2569,16.29,1
2021-09-24 09:45:31.886521-04:00,17.51,40,17.52,1146,16.28,2569,16.29,1
2021-09-24 09:45:31.886521-04:00,17.52,686,17.53,1005,16.28,2569,16.29,1
2021-09-24 09:45:38.710277-04:00,17.52,686,17.53,1005,16.28,2569,16.29,1
2021-09-24 09:45:38.710277-04:00,17.52,686,17.53,1005,16.28,2569,16.29,1
2021-09-24 09:45:38.710277-04:00,17.52,686,17.53,1005,16.29,2195,16.3,2456
2021-09-24 09:45:48.722553-04:00,17.52,570,17.53,816,16.29,2195,16.3,2456
2021-09-24 09:45:48.722553-04:00,17.52,570,17.53,816,16.29,2652,16.3,2405
2021-09-24 09:45:48.722553-04:00,17.52,1191,17.53,943,16.29,2652,16.3,2405
2021-09-24 09:45:48.722553-04:00,17.52,1191,17.53,943,16.29,2652,16.3,2405
2021-09-24 09:45:58.735782-04:00,17.52,1191,17.53,943,16.29,2652,16.3,2405
2021-09-24 09:45:58.735782-04:00,17.52,1191,17.53,943,16.29,2652,16.3,2405
2021-09-24 09:45:58.735782-04:00,17.52,1191,17.53,943,16.29,2071,16.3,2423
2021-09-24 09:46:01.737754-04:00,17.52,1191,17.53,943,16.29,2071,16.3,2423
2021-09-24 09:46:01.737754-04:00,17.52,1191,17.53,943,16.29,2071,16.3,2423
2021-09-24 09:46:01.737754-04:00,17.52,1191,17.53,943,16.29,2071,16.3,2423
2021-09-24 09:46:01.737754-04:00,17.53,1465,17.54,299,16.29,2071,16.3,2423
2021-09-24 09:46:12.070131-04:00,17.53,1465,17.54,299,16.3,1606,16.31,1670
2021-09-24 09:46:12.070131-04:00,17.53,1465,17.54,299,16.3,1606,16.31,1670
2021-09-24 09:46:12.070131-04:00,17.52,1310,17.53,493,16.3,1606,16.31,1670
2021-09-24 09:46:12.070131-04:00,17.52,1310,17.53,493,16.3,1606,16.31,1670
2021-09-24 09:46:12.070131-04:00,17.52,1310,17.53,493,16.3,1606,16.31,1670
2021-09-24 09:46:18.509913-04:00,17.52,1310,17.53,493,16.3,1606,16.31,1670
2021-09-24 09:46:18.509913-04:00,17.52,1310,17.53,493,16.3,15,16.31,3362
2021-09-24 09:46:18.509913-04:00,17.52,1310,17.53,493,16.3,15,16.31,3362
2021-09-24 09:46:18.509913-04:00,17.52,1310,17.53,493,16.3,15,16.31,3362
2021-09-24 09:46:18.509913-04:00,17.52,1310,17.53,493,16.3,15,16.31,3362
2021-09-24 09:46:18.509913-04:00,17.52,2648,17.53,556,16.3,15,16.31,3362
2021-09-24 09:46:28.521152-04:00,17.52,2648,17.53,556,16.3,15,16.31,3187
2021-09-24 09:46:28.521152-04:00,17.52,2648,17.53,556,16.3,15,16.31,3187
2021-09-24 09:46:28.521152-04:00,17.53,85,17.54,1930,16.3,15,16.31,3187
2021-09-24 09:46:38.875466-04:00,17.53,85,17.54,1930,16.29,2886,16.3,1097
2021-09-24 09:46:38.875466-04:00,17.53,85,17.54,1958,16.29,2886,16.3,1097
2021-09-24 09:46:38.875466-04:00,17.53,85,17.54,1958,16.29,2886,16.3,1097
2021-09-24 09:46:48.545666-04:00,17.53,85,17.54,1958,16.29,2886,16.3,1097
2021-09-24 09:46:48.545666-04:00,17.53,85,17.54,1958,16.29,3039,16.3,880
2021-09-24 09:46:48.545666-04:00,17.53,85,17.54,1958,16.29,3039,16.3,880
2021-09-24 09:46:48.545666-04:00,17.53,85,17.54,1958,16.29,3039,16.3,880
2021-09-24 09:46:48.545666-04:00,17.52,170,17.53,1894,16.29,3039,16.3,880
2021-09-24 09:46:48.545666-04:00,17.52,170,17.53,1894,16.29,3039,16.3,880
2021-09-24 09:46:58.559890-04:00,17.52,170,17.53,1894,16.29,3039,16.3,880
2021-09-24 09:46:58.559890-04:00,17.52,170,17.53,1894,16.29,2609,16.3,2153
2021-09-24 09:46:58.559890-04:00,17.52,170,17.53,1894,16.29,2609,16.3,2153
2021-09-24 09:47:01.561865-04:00,17.52,170,17.53,1894,16.29,2609,16.3,2153
2021-09-24 09:47:01.561865-04:00,17.52,170,17.53,1894,16.29,2609,16.3,2153
2021-09-24 09:47:01.561865-04:00,17.51,537,17.52,1485,16.29,2609,16.3,2153
2021-09-24 09:47:08.570154-04:00,17.51,537,17.52,1485,16.29,2609,16.3,2153
2021-09-24 09:47:08.570154-04:00,17.51,537,17.52,1485,16.28,3277,16.29,161
2021-09-24 09:47:08.570154-04:00,17.51,537,17.52,1485,16.28,3277,16.29,161
2021-09-24 09:47:08.570154-04:00,17.51,289,17.52,1417,16.28,3277,16.29,161
2021-09-24 09:47:19.033181-04:00,17.51,289,17.52,1417,16.28,3277,16.29,161
2021-09-24 09:47:19.033181-04:00,17.51,289,17.52,1417,16.28,2997,16.29,280
2021-09-24 09:47:19.033181-04:00,17.51,289,17.52,1417,16.28,2997,16.29,280
2021-09-24 09:47:27.509517-04:00,17.51,289,17.52,1417,16.28,2997,16.29,280
2021-09-24 09:47:27.509517-04:00,17.51,289,17.52,1417,16.28,2997,16.29,280
2021-09-24 09:47:27.509517-04:00,17.51,302,17.52,1488,16.28,2997,16.29,280
2021-09-24 09:47:27.509517-04:00,17.51,302,17.52,1488,16.28,2997,16.29,280
2021-09-24 09:47:27.509517-04:00,17.51,302,17.52,1488,16.29,498,16.3,3535
2021-09-24 09:47:27.509517-04:00,17.51,302,17.52,1488,16.29,498,16.3,3535
2021-09-24 09:47:27.509517-04:00,17.51,302,17.52,1488,16.29,498,16.3,3535
2021-09-24 09:47:37.521748-04:00,17.51,302,17.52,1488,16.29,498,16.3,3535
2021-09-24 09:47:37.521748-04:00,17.51,596,17.52,1460,16.29,498,16.3,3535
2021-09-24 09:47:37.521748-04:00,17.51,596,17.52,1460,16.29,1667,16.3,3389
2021-09-24 09:47:37.521748-04:00,17.51,596,17.52,1460,16.29,1667,16.3,3389
2021-09-24 09:47:37.521748-04:00,17.51,596,17.52,1460,16.29,1667,16.3,3389
2021-09-24 09:47:48.534336-04:00,17.5,396,17.51,1331,16.29,1667,16.3,3389
2021-09-24 09:47:48.534336-04:00,17.5,396,17.51,1331,16.28,2216,16.29,2909
2021-09-24 09:47:48.534336-04:00,17.5,396,17.51,1331,16.28,2216,16.29,2909
2021-09-24 09:47:48.534336-04:00,17.5,396,17.51,1331,16.28,2216,16.29,2909
2021-09-24 09:47:48.534336-04:00,17.52,300,17.53,1752,16.28,2216,16.29,2909
2021-09-24 09:47:59.205834-04:00,17.52,300,17.53,1752,16.28,2216,16.29,2909
2021-09-24 09:47:59.205834-04:00,17.52,300,17.53,1752,16.29,2320,16.3,2528
2021-09-24 09:47:59.205834-04:00,17.52,300,17.53,1752,16.29,2320,16.3,2528
2021-09-24 09:47:59.205834-04:00,17.52,300,17.53,1752,16.29,2320,16.3,2528
2021-09-24 09:47:59.205834-04:00,17.52,434,17.53,1430,16.29,2320,16.3,2528
2021-09-24 09:48:08.558798-04:00,17.52,434,17.53,1430,16.29,2320,16.3,2528
2021-09-24 09:48:08.558798-04:00,17.52,434,17.53,1430,16.29,2593,16.3,2553
2021-09-24 09:48:08.558798-04:00,17.52,434,17.53,1430,16.29,2593,16.3,2553
2021-09-24 09:48:08.558798-04:00,17.52,434,17.53,1430,16.29,2593,16.3,2553
2021-09-24 09:48:08.558798-04:00,17.52,434,17.53,1430,16.29,2593,16.3,2553
2021-09-24 09:48:08.558798-04:00,17.53,548,17.54,1237,16.29,2593,16.3,2553
2021-09-24 09:48:18.568039-04:00,17.53,548,17.54,1237,16.29,2593,16.3,2553
2021-09-24 09:48:18.568039-04:00,17.53,548,17.54,1237,16.29,2593,16.3,2553
2021-09-24 09:48:18.568039-04:00,17.53,548,17.54,1237,16.29,3667,16.3,285
2021-09-24 09:48:18.568039-04:00,17.53,548,17.54,1237,16.29,3667,16.3,285
2021-09-24 09:48:18.568039-04:00,17.53,190,17.54,1669,16.29,3667,16.3,285
2021-09-24 09:48:18.568039-04:00,17.53,190,17.54,1669,16.29,3667,16.3,285
2021-09-24 09:48:18.568039-04:00,17.53,190,17.54,1669,16.29,3667,16.3,285
2021-09-24 09:48:28.586253-04:00,17.53,190,17.54,1669,16.29,3288,16.3,1416
2021-09-24 09:48:28.586253-04:00,17.53,190,17.54,1669,16.29,3288,16.3,1416
2021-09-24 09:48:35.587536-04:00,17.53,190,17.54,1669,16.29,3288,16.3,1416
2021-09-24 09:48:35.587536-04:00,17.53,190,17.54,1669,16.29,3288,16.3,1416
2021-09-24 09:48:35.587536-04:00,17.53,190,17.54,1669,16.29,3288,16.3,1416
2021-09-24 09:48:35.587536-04:00,17.53,381,17.54,1549,16.29,3288,16.3,1416
2021-09-24 09:48:35.587536-04:00,17.53,381,17.54,1549,16.29,3298,16.3,684
2021-09-24 09:48:35.587536-04:00,17.53,381,17.54,1549,16.29,3298,16.3,684
2021-09-24 09:48:35.587536-04:00,17.53,381,17.54,1549,16.29,3298,16.3,684
2021-09-24 09:48:35.587536-04:00,17.53,381,17.54,1549,16.29,3298,16.3,684
2021-09-24 09:48:35.587536-04:00,17.53,381,17.54,1549,16.3,2587,16.31,2438
2021-09-24 09:48:35.587536-04:00,17.54,779,17.55,1259,16.3,2587,16.31,2438
2021-09-24 09:48:35.587536-04:00,17.54,779,17.55,1259,16.3,2587,16.31,2438
2021-09-24 09:48:48.603733-04:00,17.54,779,17.55,1259,16.3,2587,16.31,2438
2021-09-24 09:48:48.603733-04:00,17.54,779,17.55,1259,16.3,2587,16.31,2438
2021-09-24 09:48:48.603733-04:00,17.54,779,17.55,1259,16.3,2587,16.31,2438
2021-09-24 09:48:56.616311-04:00,17.54,779,17.55,1259,16.3,2587,16.31,2438
2021-09-24 09:48:56.616311-04:00,17.55,235,17.56,1835,16.3,2587,16.31,2438
2021-09-24 09:48:58.622947-04:00,17.55,235,17.56,1835,16.3,3379,16.31,1666
2021-09-24 09:48:58.622947-04:00,17.55,235,17.56,1835,16.3,3379,16.31,1666
2021-09-24 09:48:58.622947-04:00,17.55,235,17.56,1835,16.3,3379,16.31,1666
2021-09-24 09:49:00.619608-04:00,17.55,235,17.56,1835,16.3,3379,16.31,1666
2021-09-24 09:49:00.619608-04:00,17.53,94,17.54,2454,16.3,3379,16.31,1666
2021-09-24 09:49:00.619608-04:00,17.53,94,17.54,2454,16.3,3379,16.31,1666
2021-09-24 09:49:00.619608-04:00,17.53,94,17.54,2454,16.3,15,16.31,4357
2021-09-24 09:49:08.626216-04:00,17.53,94,17.54,2454,16.3,15,16.31,4357
2021-09-24 09:49:19.879133-04:00,17.52,1333,17.53,858,16.29,3371,16.3,2997
2021-09-24 09:49:19.879133-04:00,17.52,1333,17.53,858,16.29,3371,16.3,2997
2021-09-24 09:49:19.879133-04:00,17.52,1333,17.53,858,16.29,3371,16.3,2997
2021-09-24 09:49:27.649355-04:00,17.52,1333,17.53,858,16.29,3371,16.3,2997
2021-09-24 09:49:27.649355-04:00,17.53,83,17.54,2263,16.29,3486,16.3,2619
2021-09-24 09:49:28.653673-04:00,17.53,83,17.54,2263,16.29,3486,16.3,2619
2021-09-24 09:49:33.731032-04:00,17.53,83,17.54,2263,16.29,3486,16.3,2619
2021-09-24 09:49:33.731032-04:00,17.53,83,17.54,2263,16.29,3486,16.3,2619
2021-09-24 09:49:37.662529-04:00,17.53,83,17.54,2263,16.29,3486,16.3,2619
2021-09-24 09:49:37.662529-04:00,17.53,83,17.54,2263,16.29,3486,16.3,2619
2021-09-24 09:49:37.662529-04:00,17.53,578,17.54,1729,16.29,3486,16.3,2619
2021-09-24 09:49:37.662529-04:00,17.53,578,17.54,1729,16.29,3316,16.3,476
2021-09-24 09:49:37.662529-04:00,17.53,578,17.54,1729,16.29,3316,16.3,476
2021-09-24 09:49:47.674751-04:00,17.53,578,17.54,1729,16.29,3316,16.3,476
2021-09-24 09:49:47.674751-04:00,17.53,578,17.54,1729,16.29,3316,16.3,476
2021-09-24 09:49:47.674751-04:00,17.52,2572,17.53,157,16.29,3316,16.3,476
2021-09-24 09:49:47.674751-04:00,17.52,2572,17.53,157,16.29,3421,16.3,2388
2021-09-24 09:49:47.674751-04:00,17.52,2572,17.53,157,16.29,3421,16.3,2388
2021-09-24 09:50:01.335229-04:00,17.52,2572,17.53,157,16.29,3421,16.3,2388
2021-09-24 09:50:01.335229-04:00,17.53,2318,17.54,265,16.29,3421,16.3,2388
2021-09-24 09:50:01.338224-04:00,17.53,2318,17.54,265,16.3,2869,16.31,2849
2021-09-24 09:50:01.338224-04:00,17.53,2318,17.54,265,16.3,2869,16.31,2849
2021-09-24 09:50:01.338224-04:00,17.53,2318,17.54,265,16.3,2869,16.31,2849
2021-09-24 09:50:01.338224-04:00,17.53,1333,17.54,290,16.3,2869,16.31,2849
2021-09-24 09:50:01.338224-04:00,17.53,1333,17.54,290,16.3,2869,16.31,2849
2021-09-24 09:50:08.703532-04:00,17.53,1333,17.54,290,16.3,1933,16.31,3072
2021-09-24 09:50:08.703532-04:00,17.53,1333,17.54,290,16.3,1933,16.31,3072
2021-09-24 09:50:08.703532-04:00,17.54,561,17.55,2173,16.3,1933,16.31,3072
2021-09-24 09:50:08.703532-04:00,17.54,561,17.55,2173,16.3,1933,16.31,3072
2021-09-24 09:50:08.703532-04:00,17.54,561,17.55,2173,16.3,2157,16.31,3076
2021-09-24 09:50:18.716759-04:00,17.54,561,17.55,2173,16.3,2157,16.31,3076
2021-09-24 09:50:28.589364-04:00,17.54,561,17.55,2173,16.3,2190,16.31,3080
2021-09-24 09:50:28.589364-04:00,17.54,279,17.55,2505,16.3,2190,16.31,3080
2021-09-24 09:50:28.589364-04:00,17.54,279,17.55,2505,16.3,2190,16.31,3080
2021-09-24 09:50:28.589364-04:00,17.54,279,17.55,2505,16.3,2190,16.31,3080
2021-09-24 09:50:31.480632-04:00,17.54,279,17.55,2505,16.3,2190,16.31,3080
2021-09-24 09:50:31.480632-04:00,17.54,279,17.55,2505,16.3,2190,16.31,3080
2021-09-24 09:50:31.480632-04:00,17.53,1876,17.54,1145,16.3,2190,16.31,3080
2021-09-24 09:50:42.010483-04:00,17.53,1876,17.54,1145,16.3,2062,16.31,3094
2021-09-24 09:50:42.010483-04:00,17.53,1876,17.54,1145,16.3,2062,16.31,3094
2021-09-24 09:50:42.010483-04:00,17.53,2870,17.54,211,16.3,2062,16.31,3094
2021-09-24 09:50:48.504119-04:00,17.53,2870,17.54,211,16.3,2098,16.31,3093
2021-09-24 09:50:48.504119-04:00,17.53,2870,17.54,211,16.3,2098,16.31,3093
2021-09-24 09:50:48.504119-04:00,17.53,2870,17.54,211,16.3,2098,16.31,3093
2021-09-24 09:50:57.516024-04:00,17.53,2870,17.54,211,16.3,2154,16.31,3101
2021-09-24 09:50:57.516024-04:00,17.53,2870,17.54,211,16.3,2154,16.31,3101
2021-09-24 09:50:57.516024-04:00,17.53,2148,17.54,224,16.3,2154,16.31,3101
2021-09-24 09:50:57.516024-04:00,17.53,2495,17.54,230,16.3,2154,16.31,3101
2021-09-24 09:50:57.516024-04:00,17.53,2495,17.54,230,16.3,2154,16.31,3101
2021-09-24 09:50:57.516024-04:00,17.53,2495,17.54,230,16.3,1645,16.31,3111
2021-09-24 09:51:09.018274-04:00,17.53,2495,17.54,230,16.3,1645,16.31,3111
2021-09-24 09:51:09.018274-04:00,17.53,2495,17.54,230,16.3,1645,16.31,3111
2021-09-24 09:51:09.018274-04:00,17.53,2495,17.54,230,16.3,1957,16.31,3112
2021-09-24 09:51:16.639896-04:00,17.53,2495,17.54,230,16.3,1957,16.31,3112
2021-09-24 09:51:16.639896-04:00,17.53,2718,17.54,349,16.3,1957,16.31,3112
2021-09-24 09:51:16.639896-04:00,17.53,2718,17.54,349,16.3,1957,16.31,3112
2021-09-24 09:51:16.639896-04:00,17.53,83,17.54,2668,16.3,1957,16.31,3112
2021-09-24 09:51:16.639896-04:00,17.53,83,17.54,2668,16.3,1957,16.31,3112
2021-09-24 09:51:16.639896-04:00,17.53,83,17.54,2668,16.3,1957,16.31,3112
2021-09-24 09:51:28.611557-04:00,17.53,83,17.54,2668,16.29,3856,16.3,2853
2021-09-24 09:51:28.611557-04:00,17.53,83,17.54,2668,16.29,3856,16.3,2853
2021-09-24 09:51:28.611557-04:00,17.53,83,17.54,2668,16.29,3856,16.3,2853
2021-09-24 09:51:28.611557-04:00,17.52,710,17.53,2175,16.29,2832,16.3,3073
2021-09-24 09:51:38.664680-04:00,17.52,710,17.53,2175,16.29,2832,16.3,3073
2021-09-24 09:51:49.464806-04:00,17.52,710,17.53,2175,16.29,2832,16.3,3073
2021-09-24 09:51:49.464806-04:00,17.52,710,17.53,2175,16.29,2832,16.3,3073
2021-09-24 09:51:49.464806-04:00,17.52,710,17.53,2175,16.29,2832,16.3,3073
2021-09-24 09:51:49.464806-04:00,17.52,710,17.53,2175,16.29,2832,16.3,3073
2021-09-24 09:51:49.464806-04:00,17.52,473,17.53,2389,16.29,2832,16.3,3073
2021-09-24 09:51:49.464806-04:00,17.52,473,17.53,2389,16.29,2498,16.3,3087
2021-09-24 09:51:55.576466-04:00,17.52,473,17.53,2389,16.29,2498,16.3,3087
2021-09-24 09:51:55.576466-04:00,17.52,473,17.53,2389,16.29,2498,16.3,3087
2021-09-24 09:51:55.576466-04:00,17.52,696,17.53,2095,16.29,2498,16.3,3087
2021-09-24 09:51:55.576466-04:00,17.52,696,17.53,2095,16.29,2498,16.3,3087
2021-09-24 09:51:55.576466-04:00,17.52,696,17.53,2095,16.29,2498,16.3,3087
2021-09-24 09:51:55.576466-04:00,17.52,696,17.53,2095,16.29,2808,16.3,3060
2021-09-24 09:51:55.576466-04:00,17.52,696,17.53,2095,16.29,2808,16.3,3060
2021-09-24 09:51:55.576466-04:00,17.52,696,17.53,2095,16.29,2808,16.3,3060
2021-09-24 09:51:55.576466-04:00,17.52,696,17.53,2095,16.29,2808,16.3,3060
2021-09-24 09:51:55.576466-04:00,17.52,696,17.53,2095,16.29,2808,16.3,3060
2021-09-24 09:51:55.576466-04:00,17.52,436,17.53,2159,16.29,2733,16.3,3141
2021-09-24 09:52:08.590724-04:00,17.52,436,17.53,2159,16.29,2733,16.3,3141
2021-09-24 09:52:08.590724-04:00,17.52,436,17.53,2159,16.29,2733,16.3,3141
2021-09-24 09:52:08.590724-04:00,17.52,436,17.53,2159,16.29,2733,16.3,3141
2021-09-24 09:52:08.590724-04:00,17.52,647,17.53,1678,16.29,2733,16.3,3141
2021-09-24 09:52:08.590724-04:00,17.52,647,17.53,1678,16.29,2733,16.3,3141
2021-09-24 09:52:18.604953-04:00,17.52,647,17.53,1678,16.29,2502,16.3,3143
2021-09-24 09:52:20.605601-04:00,17.52,647,17.53,1678,16.29,2502,16.3,3143
2021-09-24 09:52:20.605601-04:00,17.52,647,17.53,1678,16.29,2502,16.3,3143
2021-09-24 09:52:20.605601-04:00,17.52,647,17.53,1678,16.29,2502,16.3,3143
2021-09-24 09:52:20.605601-04:00,17.52,647,17.53,1678,16.29,2502,16.3,3143
2021-09-24 09:52:20.605601-04:00,17.52,553,17.53,1830,16.29,2574,16.3,3122
2021-09-24 09:52:20.605601-04:00,17.52,553,17.53,1830,16.29,2574,16.3,3122
2021-09-24 09:52:36.532021-04:00,17.52,553,17.53,1830,16.29,2574,16.3,3122
2021-09-24 09:52:36.532021-04:00,17.51,3234,17.52,288,16.29,2479,16.3,3431
2021-09-24 09:52:43.468475-04:00,17.51,3234,17.52,288,16.29,2479,16.3,3431
2021-09-24 09:52:43.468475-04:00,17.51,3234,17.52,288,16.29,2479,16.3,3431
2021-09-24 09:52:45.543926-04:00,17.51,3234,17.52,288,16.29,2479,16.3,3431
2021-09-24 09:52:45.543926-04:00,17.52,1193,17.53,1480,16.29,2479,16.3,3431
2021-09-24 09:52:45.543926-04:00,17.52,1193,17.53,1480,16.29,2532,16.3,3334
2021-09-24 09:52:58.556791-04:00,17.52,1193,17.53,1480,16.29,2532,16.3,3334
2021-09-24 09:52:58.556791-04:00,17.52,3154,17.53,15,16.29,2532,16.3,3334
2021-09-24 09:52:58.556791-04:00,17.52,3154,17.53,15,16.29,2532,16.3,3334
2021-09-24 09:52:58.556791-04:00,17.52,3154,17.53,15,16.29,3284,16.3,992
2021-09-24 09:52:58.557789-04:00,17.52,3154,17.53,15,16.29,3284,16.3,992
2021-09-24 09:53:10.496872-04:00,17.53,1639,17.54,1434,16.29,3396,16.3,359
2021-09-24 09:53:10.496872-04:00,17.53,1639,17.54,1434,16.29,3396,16.3,359
2021-09-24 09:53:15.669040-04:00,17.53,1639,17.54,1434,16.29,3396,16.3,359
2021-09-24 09:53:15.669040-04:00,17.53,1639,17.54,1434,16.29,3396,16.3,359
2021-09-24 09:53:15.669040-04:00,17.53,1639,17.54,1434,16.29,3396,16.3,359
2021-09-24 09:53:15.669040-04:00,17.54,908,17.55,1547,16.29,3396,16.3,359
2021-09-24 09:53:15.669040-04:00,17.54,908,17.55,1547,16.3,2864,16.31,2154
2021-09-24 09:53:18.725869-04:00,17.54,908,17.55,1547,16.3,2864,16.31,2154
2021-09-24 09:53:18.725869-04:00,17.54,908,17.55,1547,16.3,2864,16.31,2154
2021-09-24 09:53:18.725869-04:00,17.54,908,17.55,1547,16.3,2864,16.31,2154
2021-09-24 09:53:18.725869-04:00,17.54,908,17.55,1547,16.3,2864,16.31,2154
2021-09-24 09:53:28.647344-04:00,17.54,1829,17.55,224,16.3,2864,16.31,2154
2021-09-24 09:53:28.647344-04:00,17.54,1829,17.55,224,16.3,3416,16.31,1926
2021-09-24 09:53:28.647344-04:00,17.54,1829,17.55,224,16.3,3416,16.31,1926
2021-09-24 09:53:28.647344-04:00,17.55,438,17.56,1871,16.3,3416,16.31,1926
2021-09-24 09:53:28.647344-04:00,17.55,438,17.56,1871,16.3,3416,16.31,1926
2021-09-24 09:53:28.647344-04:00,17.55,438,17.56,1871,16.3,3416,16.31,1926
2021-09-24 09:53:38.569814-04:00,17.55,438,17.56,1871,16.3,3871,16.31,2166
2021-09-24 09:53:38.569814-04:00,17.55,438,17.56,1871,16.3,3871,16.31,2166
2021-09-24 09:53:38.569814-04:00,17.55,438,17.56,1871,16.3,3871,16.31,2166
2021-09-24 09:53:50.715343-04:00,17.54,795,17.55,2646,16.3,2939,16.31,2467
2021-09-24 09:53:50.715343-04:00,17.54,795,17.55,2646,16.3,2939,16.31,2467
2021-09-24 09:53:50.715343-04:00,17.54,795,17.55,2646,16.3,2939,16.31,2467
2021-09-24 09:53:50.715343-04:00,17.54,795,17.55,2646,16.3,2939,16.31,2467
2021-09-24 09:53:50.715343-04:00,17.54,795,17.55,2646,16.3,2939,16.31,2467
2021-09-24 09:53:57.717620-04:00,17.54,795,17.55,2646,16.3,2939,16.31,2467
2021-09-24 09:53:57.717620-04:00,17.55,3697,17.56,308,16.3,2939,16.31,2467
2021-09-24 09:53:57.717620-04:00,17.55,3697,17.56,308,16.31,1087,16.32,2218
2021-09-24 09:54:06.478197-04:00,17.55,3697,17.56,308,16.31,1087,16.32,2218
2021-09-24 09:54:06.478197-04:00,17.55,3697,17.56,308,16.31,1087,16.32,2218
2021-09-24 09:54:06.478197-04:00,17.55,3697,17.56,308,16.31,979,16.32,1805
2021-09-24 09:54:06.478197-04:00,17.55,3655,17.56,374,16.31,979,16.32,1805
2021-09-24 09:54:11.485810-04:00,17.56,2428,17.57,320,16.31,979,16.32,1805
2021-09-24 09:54:11.485810-04:00,17.56,2428,17.57,320,16.31,979,16.32,1805
2021-09-24 09:54:11.485810-04:00,17.56,2428,17.57,320,16.31,979,16.32,1805
2021-09-24 09:54:18.745400-04:00,17.56,2428,17.57,320,16.31,2087,16.32,2910
2021-09-24 09:54:18.745400-04:00,17.56,2428,17.57,320,16.31,2087,16.32,2910
2021-09-24 09:54:18.745400-04:00,17.57,2492,17.58,1452,16.31,2087,16.32,2910
2021-09-24 09:54:31.015245-04:00,17.57,2492,17.58,1452,16.31,3081,16.32,1209
2021-09-24 09:54:35.517585-04:00,17.57,2492,17.58,1452,16.31,3081,16.32,1209
2021-09-24 09:54:35.517585-04:00,17.56,2098,17.57,1084,16.31,3081,16.32,1209
2021-09-24 09:54:35.517585-04:00,17.56,2098,17.57,1084,16.31,3081,16.32,1209
2021-09-24 09:54:38.521552-04:00,17.56,2098,17.57,1084,16.31,2513,16.32,2188
2021-09-24 09:54:38.521552-04:00,17.56,1828,17.57,1324,16.31,2513,16.32,2188
2021-09-24 09:54:48.535946-04:00,17.56,1828,17.57,1324,16.31,2513,16.32,2188
2021-09-24 09:54:48.535946-04:00,17.56,1828,17.57,1324,16.31,2878,16.32,3209
2021-09-24 09:54:48.535946-04:00,17.56,1828,17.57,1324,16.31,2878,16.32,3209
2021-09-24 09:54:57.794377-04:00,17.56,1828,17.57,1324,16.31,2878,16.32,3209
2021-09-24 09:54:57.794377-04:00,17.56,1828,17.57,1324,16.31,2878,16.32,3209
2021-09-24 09:54:57.794377-04:00,17.57,901,17.58,2390,16.31,2878,16.32,3209
2021-09-24 09:54:57.794377-04:00,17.57,901,17.58,2390,16.31,2878,16.32,3209
2021-09-24 09:54:58.549357-04:00,17.57,901,17.58,2390,16.31,2878,16.32,3209
2021-09-24 09:54:58.549357-04:00,17.57,901,17.58,2390,16.31,3355,16.32,2945
2021-09-24 09:55:05.731156-04:00,17.57,901,17.58,2390,16.31,3355,16.32,2945
2021-09-24 09:55:05.731156-04:00,17.57,507,17.58,2543,16.31,3355,16.32,2945
2021-09-24 09:55:11.191559-04:00,17.57,507,17.58,2543,16.31,3147,16.32,2847
2021-09-24 09:55:11.191559-04:00,17.57,507,17.58,2543,16.31,3147,16.32,2847
2021-09-24 09:55:11.191559-04:00,17.57,507,17.58,2543,16.31,3147,16.32,2847
2021-09-24 09:55:11.191559-04:00,17.57,497,17.58,2555,16.31,3147,16.32,2847
2021-09-24 09:55:11.191559-04:00,17.57,497,17.58,2555,16.31,3139,16.32,2624
2021-09-24 09:55:18.707464-04:00,17.57,497,17.58,2555,16.31,3139,16.32,2624
2021-09-24 09:55:18.707464-04:00,17.56,2726,17.57,1040,16.31,3139,16.32,2624
2021-09-24 09:55:27.705406-04:00,17.56,2726,17.57,1040,16.31,3095,16.32,2777
2021-09-24 09:55:27.705406-04:00,17.56,2726,17.57,1040,16.31,3095,16.32,2777
2021-09-24 09:55:27.705406-04:00,17.56,2091,17.57,1301,16.31,3095,16.32,2777
2021-09-24 09:55:27.705406-04:00,17.56,2091,17.57,1301,16.31,3095,16.32,2777
2021-09-24 09:55:38.140063-04:00,17.56,2091,17.57,1301,16.31,3095,16.32,2777
2021-09-24 09:55:38.140063-04:00,17.56,2091,17.57,1301,16.31,2437,16.32,2904
2021-09-24 09:55:43.691260-04:00,17.56,2091,17.57,1301,16.31,2437,16.32,2904
2021-09-24 09:55:43.691260-04:00,17.56,2091,17.57,1301,16.31,2437,16.32,2904
2021-09-24 09:55:47.696554-04:00,17.56,2091,17.57,1301,16.31,2583,16.32,2916
2021-09-24 09:55:47.696554-04:00,17.56,2445,17.57,1205,16.31,2583,16.32,2916
2021-09-24 09:55:47.696554-04:00,17.56,2445,17.57,1205,16.31,2583,16.32,2916
2021-09-24 09:55:47.696554-04:00,17.56,2445,17.57,1205,16.31,2583,16.32,2916
2021-09-24 09:55:47.696554-04:00,17.56,2445,17.57,1205,16.31,2583,16.32,2916
2021-09-24 09:55:47.696554-04:00,17.56,2445,17.57,1205,16.31,3361,16.32,2849
2021-09-24 09:55:57.545109-04:00,17.56,2445,17.57,1205,16.31,3361,16.32,2849
2021-09-24 09:55:57.545109-04:00,17.57,355,17.58,2841,16.31,3361,16.32,2849
2021-09-24 09:56:05.111877-04:00,17.57,355,17.58,2841,16.31,3361,16.32,2849
2021-09-24 09:56:05.111877-04:00,17.57,355,17.58,2841,16.31,3243,16.32,269
2021-09-24 09:56:05.111877-04:00,17.57,1849,17.58,884,16.31,3243,16.32,269
2021-09-24 09:56:05.111877-04:00,17.57,1849,17.58,884,16.31,3243,16.32,269
2021-09-24 09:56:05.111877-04:00,17.57,1849,17.58,884,16.31,3243,16.32,269
2021-09-24 09:56:05.111877-04:00,17.57,2365,17.58,754,16.31,3243,16.32,269
2021-09-24 09:56:05.111877-04:00,17.57,2365,17.58,754,16.31,3243,16.32,269
2021-09-24 09:56:18.569895-04:00,17.57,2365,17.58,754,16.31,3243,16.32,269
2021-09-24 09:56:18.569895-04:00,17.57,2365,17.58,754,16.32,981,16.33,3846
2021-09-24 09:56:19.570222-04:00,17.57,1702,17.58,760,16.32,981,16.33,3846
2021-09-24 09:56:23.575533-04:00,17.57,1702,17.58,760,16.32,981,16.33,3846
2021-09-24 09:56:23.575533-04:00,17.57,1702,17.58,760,16.32,981,16.33,3846
2021-09-24 09:56:23.575533-04:00,17.57,1702,17.58,760,16.32,981,16.33,3846
2021-09-24 09:56:23.575533-04:00,17.57,1702,17.58,760,16.32,163,16.33,4058
2021-09-24 09:56:23.575533-04:00,17.57,1702,17.58,760,16.32,163,16.33,4058
2021-09-24 09:56:34.589066-04:00,17.57,1702,17.58,760,16.32,163,16.33,4058
2021-09-24 09:56:34.589066-04:00,17.58,392,17.59,3072,16.32,163,16.33,4058
2021-09-24 09:56:34.589066-04:00,17.58,392,17.59,3072,16.32,163,16.33,4058
2021-09-24 09:56:34.589066-04:00,17.58,392,17.59,3072,16.32,605,16.33,3413
2021-09-24 09:56:34.589066-04:00,17.58,392,17.59,3072,16.32,605,16.33,3413
2021-09-24 09:56:34.589066-04:00,17.58,1451,17.59,1689,16.32,605,16.33,3413
2021-09-24 09:56:34.589066-04:00,17.58,1451,17.59,1689,16.32,605,16.33,3413
2021-09-24 09:56:34.589066-04:00,17.58,1451,17.59,1689,16.32,605,16.33,3413
2021-09-24 09:56:34.589066-04:00,17.58,1451,17.59,1689,16.32,605,16.33,3413
2021-09-24 09:56:48.608583-04:00,17.58,1451,17.59,1689,16.32,1932,16.33,3365
2021-09-24 09:56:48.608583-04:00,17.58,1451,17.59,1689,16.32,1932,16.33,3365
2021-09-24 09:56:48.608583-04:00,17.59,1062,17.6,904,16.32,1932,16.33,3365
2021-09-24 09:56:48.608583-04:00,17.59,1062,17.6,904,16.32,1932,16.33,3365
2021-09-24 09:56:48.608583-04:00,17.59,1062,17.6,904,16.32,1932,16.33,3365
2021-09-24 09:56:48.608583-04:00,17.59,1062,17.6,904,16.32,1932,16.33,3365
2021-09-24 09:56:59.015762-04:00,17.59,1062,17.6,904,16.32,1932,16.33,3365
2021-09-24 09:56:59.015762-04:00,17.59,1062,17.6,904,16.32,3035,16.33,2078
2021-09-24 09:56:59.015762-04:00,17.59,1062,17.6,904,16.32,3035,16.33,2078
2021-09-24 09:56:59.015762-04:00,17.59,1062,17.6,904,16.32,3035,16.33,2078
2021-09-24 09:56:59.015762-04:00,17.59,1062,17.6,904,16.32,3035,16.33,2078
2021-09-24 09:57:04.625760-04:00,17.59,1062,17.6,904,16.32,3035,16.33,2078
2021-09-24 09:57:04.625760-04:00,17.59,499,17.6,2403,16.32,3035,16.33,2078
2021-09-24 09:57:04.625760-04:00,17.59,499,17.6,2403,16.32,3069,16.33,2613
2021-09-24 09:57:04.625760-04:00,17.59,499,17.6,2403,16.32,3069,16.33,2613
2021-09-24 09:57:04.625760-04:00,17.59,499,17.6,2403,16.32,3069,16.33,2613
2021-09-24 09:57:04.625760-04:00,17.59,499,17.6,2403,16.32,3069,16.33,2613
2021-09-24 09:57:04.625760-04:00,17.58,2193,17.59,1141,16.32,3069,16.33,2613
2021-09-24 09:57:04.625760-04:00,17.58,2193,17.59,1141,16.32,3069,16.33,2613
2021-09-24 09:57:18.643283-04:00,17.58,2193,17.59,1141,16.32,3069,16.33,2613
2021-09-24 09:57:18.643283-04:00,17.58,2193,17.59,1141,16.32,2226,16.33,2725
2021-09-24 09:57:18.643283-04:00,17.58,2193,17.59,1141,16.32,2226,16.33,2725
2021-09-24 09:57:26.651871-04:00,17.58,2193,17.59,1141,16.32,2226,16.33,2725
2021-09-24 09:57:26.651871-04:00,17.58,1601,17.59,1081,16.32,2226,16.33,2725
2021-09-24 09:57:26.651871-04:00,17.58,1601,17.59,1081,16.32,2302,16.33,2610
2021-09-24 09:57:26.651871-04:00,17.58,1601,17.59,1081,16.32,2302,16.33,2610
2021-09-24 09:57:39.324990-04:00,17.58,305,17.59,2385,16.32,1998,16.33,3498
2021-09-24 09:57:39.324990-04:00,17.58,305,17.59,2385,16.32,1998,16.33,3498
2021-09-24 09:57:39.324990-04:00,17.58,305,17.59,2385,16.32,1998,16.33,3498
2021-09-24 09:57:39.324990-04:00,17.58,305,17.59,2385,16.32,2287,16.33,2742
2021-09-24 09:57:39.324990-04:00,17.58,2107,17.59,1145,16.32,2287,16.33,2742
2021-09-24 09:57:39.324990-04:00,17.58,2107,17.59,1145,16.32,2287,16.33,2742
2021-09-24 09:57:48.562378-04:00,17.58,2107,17.59,1145,16.32,2287,16.33,2742
2021-09-24 09:57:48.562378-04:00,17.58,2107,17.59,1145,16.32,2287,16.33,2742
2021-09-24 09:57:48.562378-04:00,17.58,2107,17.59,1145,16.32,2287,16.33,2742
2021-09-24 09:57:55.623498-04:00,17.58,2107,17.59,1145,16.32,2287,16.33,2742
2021-09-24 09:57:55.623498-04:00,17.58,3716,17.59,170,16.32,2287,16.33,2742
2021-09-24 09:57:55.623498-04:00,17.58,3716,17.59,170,16.32,3002,16.33,2824
2021-09-24 09:57:59.628818-04:00,17.58,3716,17.59,170,16.32,3002,16.33,2824
2021-09-24 09:57:59.628818-04:00,17.58,3716,17.59,170,16.32,3002,16.33,2824
2021-09-24 09:57:59.628818-04:00,17.59,967,17.6,2370,16.32,3002,16.33,2824
2021-09-24 09:58:08.640697-04:00,17.59,967,17.6,2370,16.32,3002,16.33,2824
2021-09-24 09:58:08.640697-04:00,17.59,967,17.6,2370,16.32,3043,16.33,2647
2021-09-24 09:58:08.640697-04:00,17.59,967,17.6,2370,16.32,3043,16.33,2647
2021-09-24 09:58:08.640697-04:00,17.59,592,17.6,2054,16.32,3043,16.33,2647
2021-09-24 09:58:08.640697-04:00,17.59,592,17.6,2054,16.32,3043,16.33,2647
2021-09-24 09:58:08.640697-04:00,17.59,592,17.6,2054,16.32,3043,16.33,2647
2021-09-24 09:58:08.640697-04:00,17.59,592,17.6,2054,16.32,3043,16.33,2647
2021-09-24 09:58:19.626325-04:00,17.59,592,17.6,2054,16.32,3043,16.33,2647
2021-09-24 09:58:19.626325-04:00,17.59,592,17.6,2054,16.32,3049,16.33,1930
2021-09-24 09:58:22.657221-04:00,17.59,592,17.6,2054,16.32,3049,16.33,1930
2021-09-24 09:58:24.659869-04:00,17.59,592,17.6,2054,16.32,3049,16.33,1930
2021-09-24 09:58:24.659869-04:00,17.59,2685,17.6,844,16.32,3049,16.33,1930
2021-09-24 09:58:24.659869-04:00,17.59,2685,17.6,844,16.32,4338,16.33,111
2021-09-24 09:58:33.087336-04:00,17.59,2685,17.6,844,16.32,4338,16.33,111
2021-09-24 09:58:33.087336-04:00,17.59,2685,17.6,844,16.32,4338,16.33,111
2021-09-24 09:58:33.087336-04:00,17.59,2685,17.6,844,16.32,4338,16.33,111
2021-09-24 09:58:33.087336-04:00,17.59,2650,17.6,544,16.32,4338,16.33,111
2021-09-24 09:58:38.676394-04:00,17.59,2650,17.6,544,16.32,4338,16.33,111
2021-09-24 09:58:38.676394-04:00,17.59,2650,17.6,544,16.32,4713,16.33,11
2021-09-24 09:58:38.676394-04:00,17.59,2650,17.6,544,16.32,4713,16.33,11
2021-09-24 09:58:46.684980-04:00,17.59,2650,17.6,544,16.32,4713,16.33,11
2021-09-24 09:58:46.684980-04:00,17.59,2650,17.6,544,16.32,4713,16.33,11
2021-09-24 09:58:46.684980-04:00,17.59,3521,17.6,324,16.32,4713,16.33,11
2021-09-24 09:58:46.684980-04:00,17.59,3521,17.6,324,16.33,2533,16.34,1495
2021-09-24 09:58:54.695206-04:00,17.59,3521,17.6,324,16.33,2533,16.34,1495
2021-09-24 09:58:54.695206-04:00,17.59,3521,17.6,324,16.33,2533,16.34,1495
2021-09-24 09:58:59.991054-04:00,17.6,1358,17.61,933,16.33,2800,16.34,3625
2021-09-24 09:59:05.747371-04:00,17.6,1358,17.61,933,16.33,2800,16.34,3625
2021-09-24 09:59:05.747371-04:00,17.59,1117,17.6,1860,16.33,2800,16.34,3625
2021-09-24 09:59:05.747371-04:00,17.59,1117,17.6,1860,16.33,2800,16.34,3625
2021-09-24 09:59:08.712445-04:00,17.59,1117,17.6,1860,16.33,2800,16.34,3625
2021-09-24 09:59:08.712445-04:00,17.59,1117,17.6,1860,16.33,85,16.34,5164
2021-09-24 09:59:08.712445-04:00,17.59,1117,17.6,1860,16.33,85,16.34,5164
2021-09-24 09:59:08.712445-04:00,17.59,1117,17.6,1860,16.33,85,16.34,5164
2021-09-24 09:59:17.473021-04:00,17.59,1117,17.6,1860,16.33,85,16.34,5164
2021-09-24 09:59:17.473021-04:00,17.59,1117,17.6,1860,16.33,85,16.34,5164
2021-09-24 09:59:17.473021-04:00,17.59,1191,17.6,712,16.33,85,16.34,5164
2021-09-24 09:59:17.473021-04:00,17.59,1191,17.6,712,16.33,36,16.34,4476
2021-09-24 09:59:26.890842-04:00,17.59,1191,17.6,712,16.33,36,16.34,4476
2021-09-24 09:59:26.890842-04:00,17.58,699,17.59,2445,16.33,36,16.34,4476
2021-09-24 09:59:28.736907-04:00,17.58,699,17.59,2445,16.33,36,16.34,4476
2021-09-24 09:59:28.736907-04:00,17.58,699,17.59,2445,16.32,2946,16.33,4011
2021-09-24 09:59:28.736907-04:00,17.58,699,17.59,2445,16.32,2946,16.33,4011
2021-09-24 09:59:40.350856-04:00,17.58,699,17.59,2445,16.32,2946,16.33,4011
2021-09-24 09:59:40.350856-04:00,17.58,3612,17.59,177,16.32,3511,16.33,3368
2021-09-24 09:59:40.350856-04:00,17.58,3612,17.59,177,16.32,3754,16.33,3368
2021-09-24 09:59:40.350856-04:00,17.58,3094,17.59,298,16.32,3754,16.33,3368
2021-09-24 09:59:48.510041-04:00,17.58,3094,17.59,298,16.32,3754,16.33,3368
2021-09-24 09:59:55.518302-04:00,17.58,886,17.59,670,16.32,3754,16.33,3368
2021-09-24 09:59:55.518302-04:00,17.58,886,17.59,670,16.32,2896,16.33,3454
2021-09-24 09:59:58.522278-04:00,17.58,886,17.59,670,16.32,2896,16.33,3454
2021-09-24 09:59:58.522278-04:00,17.58,886,17.59,670,16.32,2896,16.33,3454
2021-09-24 09:59:58.522278-04:00,17.58,610,17.59,1852,16.32,2896,16.33,3454
2021-09-24 09:59:58.522278-04:00,17.58,610,17.59,1852,16.32,2896,16.33,3454
2021-09-24 10:00:08.535499-04:00,17.58,610,17.59,1852,16.32,2873,16.33,4031
2021-09-24 10:00:20.822651-04:00,17.58,1023,17.59,784,16.32,2873,16.33,4031
2021-09-24 10:00:20.822651-04:00,17.58,1023,17.59,784,16.32,2568,16.33,3520
2021-09-24 10:00:20.822651-04:00,17.58,1023,17.59,784,16.32,2568,16.33,3520
2021-09-24 10:00:20.822651-04:00,17.58,1023,17.59,784,16.32,2568,16.33,3520
2021-09-24 10:00:20.822651-04:00,17.58,3351,17.59,360,16.32,2568,16.33,3520
2021-09-24 10:00:20.822651-04:00,17.58,3351,17.59,360,16.32,3558,16.33,3393
2021-09-24 10:00:28.559965-04:00,17.58,3351,17.59,360,16.32,3558,16.33,3393
2021-09-24 10:00:36.567553-04:00,17.58,3351,17.59,360,16.32,3558,16.33,3393
2021-09-24 10:00:36.567553-04:00,17.58,3351,17.59,360,16.32,3558,16.33,3393
2021-09-24 10:00:36.567553-04:00,17.59,1324,17.6,2079,16.32,3558,16.33,3393
2021-09-24 10:00:36.567553-04:00,17.59,1324,17.6,2079,16.32,3558,16.33,3393
2021-09-24 10:00:36.567553-04:00,17.59,1324,17.6,2079,16.32,3558,16.33,3393
2021-09-24 10:00:36.567553-04:00,17.59,1324,17.6,2079,16.32,3410,16.33,2885
2021-09-24 10:00:36.567553-04:00,17.59,1324,17.6,2079,16.32,3410,16.33,2885
2021-09-24 10:00:36.567553-04:00,17.59,1324,17.6,2079,16.32,3410,16.33,2885
2021-09-24 10:00:47.798526-04:00,17.59,1324,17.6,2079,16.32,3410,16.33,2885
2021-09-24 10:00:47.798526-04:00,17.59,1324,17.6,2079,16.32,3410,16.33,2885
2021-09-24 10:00:47.798526-04:00,17.59,1116,17.6,2151,16.32,3427,16.33,2140
2021-09-24 10:00:47.798526-04:00,17.59,1116,17.6,2151,16.32,3427,16.33,2140
2021-09-24 10:00:47.798526-04:00,17.59,1116,17.6,2151,16.32,3427,16.33,2140
2021-09-24 10:00:57.592341-04:00,17.59,1116,17.6,2151,16.32,3427,16.33,2140
2021-09-24 10:00:57.592341-04:00,17.59,777,17.6,2493,16.32,3426,16.33,2564
2021-09-24 10:00:57.592341-04:00,17.59,777,17.6,2493,16.32,3426,16.33,2564
2021-09-24 10:00:57.592341-04:00,17.59,777,17.6,2493,16.32,3426,16.33,2564
2021-09-24 10:01:06.602714-04:00,17.59,777,17.6,2493,16.32,3426,16.33,2564
2021-09-24 10:01:06.602714-04:00,17.59,777,17.6,2493,16.32,3426,16.33,2564
2021-09-24 10:01:06.602714-04:00,17.59,1415,17.6,1738,16.32,3426,16.33,2564
2021-09-24 10:01:06.602714-04:00,17.59,1415,17.6,1738,16.32,3629,16.33,1123
2021-09-24 10:01:06.602714-04:00,17.59,1415,17.6,1738,16.32,3629,16.33,1123
2021-09-24 10:01:06.602714-04:00,17.59,1415,17.6,1738,16.32,3405,16.33,866
2021-09-24 10:01:17.615272-04:00,17.59,1415,17.6,1738,16.32,3405,16.33,866
2021-09-24 10:01:17.615272-04:00,17.59,1415,17.6,1738,16.32,3405,16.33,866
2021-09-24 10:01:17.615272-04:00,17.59,1458,17.6,1073,16.32,3405,16.33,866
2021-09-24 10:01:17.615272-04:00,17.59,1458,17.6,1073,16.32,3405,16.33,866
2021-09-24 10:01:17.615272-04:00,17.59,1458,17.6,1073,16.32,3405,16.33,866
2021-09-24 10:01:28.627826-04:00,17.59,1458,17.6,1073,16.32,3405,16.33,866
2021-09-24 10:01:28.627826-04:00,17.58,783,17.59,2305,16.32,3405,16.33,866
2021-09-24 10:01:28.627826-04:00,17.58,783,17.59,2305,16.32,2433,16.33,3726
2021-09-24 10:01:28.627826-04:00,17.58,783,17.59,2305,16.32,2433,16.33,3726
2021-09-24 10:01:41.686913-04:00,17.58,783,17.59,2305,16.32,2433,16.33,3726
2021-09-24 10:01:41.686913-04:00,17.57,2942,17.58,574,16.32,2433,16.33,3726
2021-09-24 10:01:41.686913-04:00,17.57,2942,17.58,574,16.32,2273,16.33,3754
2021-09-24 10:01:45.652309-04:00,17.57,2942,17.58,574,16.32,2273,16.33,3754
2021-09-24 10:01:45.652309-04:00,17.57,2942,17.58,574,16.32,2273,16.33,3754
2021-09-24 10:01:45.652309-04:00,17.57,2942,17.58,574,16.32,2273,16.33,3754
2021-09-24 10:01:45.652309-04:00,17.57,3174,17.58,176,16.32,2202,16.33,3755
2021-09-24 10:01:57.668480-04:00,17.57,3174,17.58,176,16.32,2202,16.33,3755
2021-09-24 10:01:57.668480-04:00,17.57,3174,17.58,176,16.32,21,16.33,5842
2021-09-24 10:01:57.668480-04:00,17.56,1780,17.57,1106,16.32,21,16.33,5842
2021-09-24 10:01:57.668480-04:00,17.56,1780,17.57,1106,16.32,21,16.33,5842
2021-09-24 10:02:08.685029-04:00,17.56,1780,17.57,1106,16.32,21,16.33,5842
2021-09-24 10:02:08.685029-04:00,17.57,930,17.58,1500,16.32,21,16.33,5842
2021-09-24 10:02:08.685029-04:00,17.57,930,17.58,1500,16.31,3955,16.32,873
2021-09-24 10:02:17.696820-04:00,17.57,930,17.58,1500,16.31,3955,16.32,873
2021-09-24 10:02:17.696820-04:00,17.57,3775,17.58,281,16.32,1635,16.33,4181
2021-09-24 10:02:17.696820-04:00,17.57,3775,17.58,281,16.32,1635,16.33,4181
2021-09-24 10:02:17.696820-04:00,17.57,3775,17.58,281,16.32,1635,16.33,4181
2021-09-24 10:02:28.711369-04:00,17.58,2366,17.59,1025,16.32,1635,16.33,4181
2021-09-24 10:02:28.711369-04:00,17.58,2366,17.59,1025,16.32,3122,16.33,3116
2021-09-24 10:02:28.711369-04:00,17.58,2366,17.59,1025,16.32,3122,16.33,3116
2021-09-24 10:02:28.711369-04:00,17.58,2366,17.59,1025,16.32,3122,16.33,3116
2021-09-24 10:02:28.711369-04:00,17.58,2366,17.59,1025,16.32,3122,16.33,3116
2021-09-24 10:02:37.723277-04:00,17.58,2366,17.59,1025,16.32,3122,16.33,3116
2021-09-24 10:02:37.723277-04:00,17.59,4139,17.6,376,16.32,3122,16.33,3116
2021-09-24 10:02:37.723277-04:00,17.59,4139,17.6,376,16.33,1402,16.34,4168
2021-09-24 10:02:37.723277-04:00,17.59,4139,17.6,376,16.33,2555,16.34,4020
2021-09-24 10:02:37.723277-04:00,17.59,3333,17.6,550,16.33,2555,16.34,4020
2021-09-24 10:02:48.827589-04:00,17.59,3333,17.6,550,16.33,2555,16.34,4020
2021-09-24 10:02:48.827589-04:00,17.59,3333,17.6,550,16.33,2555,16.34,4020
2021-09-24 10:02:48.827589-04:00,17.59,3333,17.6,550,16.33,2555,16.34,4020
2021-09-24 10:02:48.827589-04:00,17.59,3333,17.6,550,16.33,2555,16.34,4020
2021-09-24 10:02:57.499404-04:00,17.59,3333,17.6,550,16.33,2555,16.34,4020
2021-09-24 10:02:57.499404-04:00,17.59,3333,17.6,550,16.33,42,16.34,5696
2021-09-24 10:02:57.499404-04:00,17.59,3333,17.6,550,16.33,42,16.34,5696
2021-09-24 10:02:57.499404-04:00,17.59,971,17.6,2112,16.33,42,16.34,5696
2021-09-24 10:02:57.499404-04:00,17.59,971,17.6,2112,16.33,42,16.34,5696
2021-09-24 10:02:57.499404-04:00,17.59,971,17.6,2112,16.33,42,16.34,5696
2021-09-24 10:02:57.499404-04:00,17.59,971,17.6,2112,16.33,42,16.34,5696
2021-09-24 10:03:08.515948-04:00,17.59,971,17.6,2112,16.33,42,16.34,5696
2021-09-24 10:03:08.515948-04:00,17.6,3841,17.61,642,16.33,42,16.34,5696
2021-09-24 10:03:08.515948-04:00,17.6,3841,17.61,642,16.33,42,16.34,5696
2021-09-24 10:03:08.515948-04:00,17.6,3841,17.61,642,16.33,3055,16.34,3357
2021-09-24 10:03:15.794491-04:00,17.6,3841,17.61,642,16.33,3055,16.34,3357
2021-09-24 10:03:15.794491-04:00,17.6,3841,17.61,642,16.33,3055,16.34,3357
2021-09-24 10:03:18.529178-04:00,17.6,3841,17.61,642,16.33,3055,16.34,3357
2021-09-24 10:03:18.529178-04:00,17.61,2071,17.62,773,16.33,3055,16.34,3357
2021-09-24 10:03:18.529178-04:00,17.61,2071,17.62,773,16.33,3493,16.34,1505
2021-09-24 10:03:18.529178-04:00,17.61,2071,17.62,773,16.33,3493,16.34,1505
2021-09-24 10:03:18.529178-04:00,17.61,2071,17.62,773,16.33,3493,16.34,1505
2021-09-24 10:03:18.529178-04:00,17.61,2071,17.62,773,16.33,3493,16.34,1505
2021-09-24 10:03:29.205633-04:00,17.6,4263,17.61,409,16.33,3493,16.34,1505
2021-09-24 10:03:29.205633-04:00,17.6,4263,17.61,409,16.33,3493,16.34,1505
2021-09-24 10:03:29.205633-04:00,17.6,4263,17.61,409,16.33,3460,16.34,3016
2021-09-24 10:03:32.545701-04:00,17.6,4263,17.61,409,16.33,3460,16.34,3016
2021-09-24 10:03:32.545701-04:00,17.6,4263,17.61,409,16.33,3460,16.34,3016
2021-09-24 10:03:32.545701-04:00,17.6,558,17.61,2695,16.33,3460,16.34,3016
2021-09-24 10:03:38.553639-04:00,17.6,558,17.61,2695,16.33,2448,16.34,4224
2021-09-24 10:03:42.656671-04:00,17.6,558,17.61,2695,16.33,2448,16.34,4224
2021-09-24 10:03:42.656671-04:00,17.6,558,17.61,2695,16.33,2448,16.34,4224
2021-09-24 10:03:42.656671-04:00,17.6,558,17.61,2695,16.33,2278,16.34,3993
2021-09-24 10:03:42.656671-04:00,17.6,558,17.61,2695,16.33,2278,16.34,3993
2021-09-24 10:03:42.656671-04:00,17.6,558,17.61,2695,16.33,2278,16.34,3993
2021-09-24 10:03:42.656671-04:00,17.6,547,17.61,2016,16.33,2278,16.34,3993
2021-09-24 10:03:42.656671-04:00,17.6,547,17.61,2016,16.33,2278,16.34,3993
2021-09-24 10:03:56.574459-04:00,17.6,547,17.61,2016,16.33,2278,16.34,3993
2021-09-24 10:03:56.574459-04:00,17.6,547,17.61,2016,16.33,2278,16.34,3993
2021-09-24 10:03:56.574459-04:00,17.59,2644,17.6,604,16.33,2278,16.34,3993
2021-09-24 10:03:56.574459-04:00,17.59,2644,17.6,604,16.33,1010,16.34,3850
2021-09-24 10:04:03.583719-04:00,17.59,2644,17.6,604,16.33,1010,16.34,3850
2021-09-24 10:04:09.398176-04:00,17.59,3504,17.6,536,16.33,1010,16.34,3850
2021-09-24 10:04:09.398176-04:00,17.59,3504,17.6,536,16.33,1557,16.34,3820
2021-09-24 10:04:09.398176-04:00,17.59,3504,17.6,536,16.33,1557,16.34,3820
2021-09-24 10:04:09.398176-04:00,17.59,3504,17.6,536,16.33,1557,16.34,3820
2021-09-24 10:04:09.398176-04:00,17.59,907,17.6,1797,16.33,1557,16.34,3820
2021-09-24 10:04:18.603564-04:00,17.59,907,17.6,1797,16.33,1557,16.34,3820
2021-09-24 10:04:18.603564-04:00,17.59,907,17.6,1797,16.33,42,16.34,4690
2021-09-24 10:04:18.603564-04:00,17.59,907,17.6,1797,16.33,42,16.34,4690
2021-09-24 10:04:18.603564-04:00,17.59,907,17.6,1797,16.33,42,16.34,4690
2021-09-24 10:04:27.614471-04:00,17.59,907,17.6,1797,16.33,42,16.34,4690
2021-09-24 10:04:27.614471-04:00,17.59,907,17.6,1797,16.33,42,16.34,4690
2021-09-24 10:04:27.614471-04:00,17.59,2328,17.6,675,16.33,42,16.34,4690
2021-09-24 10:04:27.614471-04:00,17.59,2328,17.6,675,16.32,5517,16.33,91
2021-09-24 10:04:27.614471-04:00,17.59,2328,17.6,675,16.32,5517,16.33,91
2021-09-24 10:04:27.614471-04:00,17.59,2328,17.6,675,16.32,5517,16.33,91
2021-09-24 10:04:27.614471-04:00,17.59,2735,17.6,474,16.32,5517,16.33,91
2021-09-24 10:04:38.628026-04:00,17.59,2735,17.6,474,16.32,5517,16.33,91
2021-09-24 10:04:38.628026-04:00,17.59,2735,17.6,474,16.32,5130,16.33,45
2021-09-24 10:04:38.628026-04:00,17.59,2735,17.6,474,16.32,5130,16.33,45
2021-09-24 10:04:38.628026-04:00,17.59,2735,17.6,474,16.32,5130,16.33,45
2021-09-24 10:04:49.766107-04:00,17.59,768,17.6,891,16.32,4643,16.33,358
2021-09-24 10:04:49.768103-04:00,17.59,768,17.6,891,16.32,4643,16.33,358
2021-09-24 10:04:49.768103-04:00,17.59,1628,17.6,466,16.32,4643,16.33,358
2021-09-24 10:04:58.655339-04:00,17.59,1628,17.6,466,16.32,4643,16.33,358
2021-09-24 10:04:58.655339-04:00,17.59,1628,17.6,466,16.32,4708,16.33,45
2021-09-24 10:04:58.655339-04:00,17.59,1628,17.6,466,16.32,4708,16.33,45
2021-09-24 10:04:58.655339-04:00,17.59,1628,17.6,466,16.32,4708,16.33,45
2021-09-24 10:04:58.655339-04:00,17.59,1628,17.6,466,16.32,4708,16.33,45
2021-09-24 10:04:58.655339-04:00,17.6,250,17.61,3344,16.32,4708,16.33,45
2021-09-24 10:05:08.667571-04:00,17.6,250,17.61,3344,16.32,4708,16.33,45
2021-09-24 10:05:08.667571-04:00,17.6,250,17.61,3344,16.33,1435,16.34,4191
2021-09-24 10:05:08.667571-04:00,17.6,250,17.61,3344,16.33,1435,16.34,4191
2021-09-24 10:05:08.667571-04:00,17.6,250,17.61,3344,16.33,1435,16.34,4191
2021-09-24 10:05:08.667571-04:00,17.6,250,17.61,3344,16.33,1435,16.34,4191
2021-09-24 10:05:08.667571-04:00,17.6,1259,17.61,2023,16.33,1435,16.34,4191
2021-09-24 10:05:08.667571-04:00,17.6,1259,17.61,2023,16.33,2428,16.34,3914
2021-09-24 10:05:18.678803-04:00,17.6,1259,17.61,2023,16.33,2428,16.34,3914
2021-09-24 10:05:30.579985-04:00,17.6,1259,17.61,2023,16.33,2428,16.34,3914
2021-09-24 10:05:30.579985-04:00,17.6,215,17.61,3250,16.33,2428,16.34,3914
2021-09-24 10:05:30.579985-04:00,17.6,215,17.61,3250,16.33,1684,16.34,4168
2021-09-24 10:05:30.579985-04:00,17.6,215,17.61,3250,16.33,1684,16.34,4168
2021-09-24 10:05:38.703266-04:00,17.6,215,17.61,3250,16.33,1684,16.34,4168
2021-09-24 10:05:38.703266-04:00,17.6,215,17.61,3250,16.33,1684,16.34,4168
2021-09-24 10:05:38.703266-04:00,17.6,523,17.61,2916,16.33,2101,16.34,3918
2021-09-24 10:05:38.703266-04:00,17.6,523,17.61,2916,16.33,2101,16.34,3918
2021-09-24 10:05:38.703266-04:00,17.6,523,17.61,2916,16.33,2101,16.34,3918
2021-09-24 10:05:48.714502-04:00,17.6,523,17.61,2916,16.33,2101,16.34,3918
2021-09-24 10:05:48.714502-04:00,17.6,523,17.61,2916,16.33,2101,16.34,3918
2021-09-24 10:05:48.714502-04:00,17.6,2464,17.61,668,16.33,2101,16.34,3918
2021-09-24 10:05:48.714502-04:00,17.6,2464,17.61,668,16.33,2434,16.34,3428
2021-09-24 10:05:49.715822-04:00,17.6,2464,17.61,668,16.33,2434,16.34,3428
2021-09-24 10:05:49.715822-04:00,17.6,2464,17.61,668,16.33,2434,16.34,3428
2021-09-24 10:05:58.727729-04:00,17.6,1132,17.61,1802,16.33,2424,16.34,3944
2021-09-24 10:06:10.378581-04:00,17.6,1132,17.61,1802,16.33,2424,16.34,3944
2021-09-24 10:06:10.378581-04:00,17.6,1875,17.61,1010,16.33,2457,16.34,3930
2021-09-24 10:06:18.502857-04:00,17.6,1875,17.61,1010,16.33,2457,16.34,3930
2021-09-24 10:06:18.503856-04:00,17.6,1768,17.61,1095,16.33,2457,16.34,3930
2021-09-24 10:06:18.503856-04:00,17.6,1768,17.61,1095,16.33,2476,16.34,3920
2021-09-24 10:06:26.513442-04:00,17.6,1768,17.61,1095,16.33,2476,16.34,3920
2021-09-24 10:06:26.513442-04:00,17.6,1768,17.61,1095,16.33,2476,16.34,3920
2021-09-24 10:06:27.514765-04:00,17.6,1768,17.61,1095,16.33,2476,16.34,3920
2021-09-24 10:06:27.514765-04:00,17.6,572,17.61,2815,16.33,2476,16.34,3920
2021-09-24 10:06:27.514765-04:00,17.6,572,17.61,2815,16.33,1110,16.34,3972
2021-09-24 10:06:27.514765-04:00,17.6,572,17.61,2815,16.33,1110,16.34,3972
2021-09-24 10:06:37.364431-04:00,17.6,572,17.61,2815,16.33,1110,16.34,3972
2021-09-24 10:06:37.364431-04:00,17.6,572,17.61,2815,16.33,1110,16.34,3972
2021-09-24 10:06:37.364431-04:00,17.6,572,17.61,2815,16.33,340,16.34,3997
2021-09-24 10:06:37.364431-04:00,17.59,2450,17.6,1128,16.33,340,16.34,3997
2021-09-24 10:06:37.364431-04:00,17.59,2450,17.6,1128,16.33,340,16.34,3997
2021-09-24 10:06:37.364431-04:00,17.59,2450,17.6,1128,16.33,340,16.34,3997
2021-09-24 10:06:50.922183-04:00,17.59,2450,17.6,1128,16.33,340,16.34,3997
2021-09-24 10:06:50.922183-04:00,17.59,656,17.6,1825,16.33,340,16.34,3997
2021-09-24 10:06:50.922183-04:00,17.59,656,17.6,1825,16.33,27,16.34,5799
2021-09-24 10:06:50.949111-04:00,17.59,656,17.6,1825,16.33,27,16.34,5799
2021-09-24 10:06:50.949111-04:00,17.59,656,17.6,1825,16.33,27,16.34,5799
2021-09-24 10:06:57.550459-04:00,17.59,656,17.6,1825,16.33,27,16.34,5799
2021-09-24 10:06:57.550459-04:00,17.59,1629,17.6,797,16.33,297,16.34,4454
2021-09-24 10:06:57.550459-04:00,17.59,1629,17.6,797,16.33,297,16.34,4454
2021-09-24 10:06:57.550459-04:00,17.59,1629,17.6,797,16.33,347,16.34,4035
2021-09-24 10:06:57.550459-04:00,17.59,2630,17.6,628,16.33,347,16.34,4035
2021-09-24 10:06:57.550459-04:00,17.59,2630,17.6,628,16.33,347,16.34,4035
2021-09-24 10:07:10.567659-04:00,17.59,2630,17.6,628,16.33,347,16.34,4035
2021-09-24 10:07:10.567659-04:00,17.59,2630,17.6,628,16.33,347,16.34,4035
2021-09-24 10:07:10.567659-04:00,17.59,2630,17.6,628,16.33,347,16.34,4035
2021-09-24 10:07:10.567659-04:00,17.59,2630,17.6,628,16.33,347,16.34,4035
2021-09-24 10:07:10.567659-04:00,17.59,2338,17.6,676,16.33,735,16.34,4073
2021-09-24 10:07:26.589821-04:00,17.59,2338,17.6,676,16.33,735,16.34,4073
2021-09-24 10:07:26.589821-04:00,17.59,2338,17.6,676,16.33,265,16.34,4003
2021-09-24 10:07:26.589821-04:00,17.59,2324,17.6,1042,16.33,265,16.34,4003
2021-09-24 10:07:26.589821-04:00,17.59,2324,17.6,1042,16.33,265,16.34,4003
2021-09-24 10:07:26.589821-04:00,17.59,2324,17.6,1042,16.33,265,16.34,4003
2021-09-24 10:07:26.589821-04:00,17.59,2324,17.6,1042,16.33,265,16.34,4003
2021-09-24 10:07:26.589821-04:00,17.59,2324,17.6,1042,16.33,265,16.34,4003
2021-09-24 10:07:38.605694-04:00,17.59,2324,17.6,1042,16.33,27,16.34,5800
2021-09-24 10:07:38.605694-04:00,17.59,805,17.6,1879,16.33,27,16.34,5800
2021-09-24 10:07:38.605694-04:00,17.59,805,17.6,1879,16.33,27,16.34,5800
2021-09-24 10:07:38.605694-04:00,17.59,805,17.6,1879,16.33,27,16.34,5800
2021-09-24 10:07:38.605694-04:00,17.59,805,17.6,1879,16.33,763,16.34,4495
2021-09-24 10:07:48.618923-04:00,17.59,805,17.6,1879,16.33,763,16.34,4495
2021-09-24 10:07:48.618923-04:00,17.59,2475,17.6,505,16.33,763,16.34,4495
2021-09-24 10:07:48.618923-04:00,17.59,2475,17.6,505,16.33,763,16.34,4495
2021-09-24 10:07:48.618923-04:00,17.59,2475,17.6,505,16.33,763,16.34,4495
2021-09-24 10:07:50.621569-04:00,17.59,2475,17.6,505,16.33,763,16.34,4495
2021-09-24 10:07:50.621569-04:00,17.59,2475,17.6,505,16.33,763,16.34,4495
2021-09-24 10:07:50.621569-04:00,17.59,2475,17.6,505,16.32,3071,16.33,3929
2021-09-24 10:07:58.633149-04:00,17.57,3283,17.58,214,16.32,3071,16.33,3929
2021-09-24 10:07:58.633149-04:00,17.57,3283,17.58,214,16.32,3071,16.33,3929
2021-09-24 10:08:01.635123-04:00,17.57,3283,17.58,214,16.32,3071,16.33,3929
2021-09-24 10:08:01.635123-04:00,17.57,3283,17.58,214,16.32,3071,16.33,3929
2021-09-24 10:08:11.586517-04:00,17.57,3283,17.58,214,16.32,3071,16.33,3929
2021-09-24 10:08:11.586517-04:00,17.58,701,17.59,2341,16.32,3163,16.33,3624
2021-09-24 10:08:11.586517-04:00,17.58,701,17.59,2341,16.32,3163,16.33,3624
2021-09-24 10:08:11.586517-04:00,17.58,701,17.59,2341,16.32,3163,16.33,3624
2021-09-24 10:08:18.657613-04:00,17.58,701,17.59,2341,16.32,3163,16.33,3624
2021-09-24 10:08:18.657613-04:00,17.58,2780,17.59,556,16.32,3826,16.33,2957
2021-09-24 10:08:18.657613-04:00,17.58,2780,17.59,556,16.32,3826,16.33,2957
2021-09-24 10:08:28.670841-04:00,17.58,2780,17.59,556,16.32,3826,16.33,2957
2021-09-24 10:08:28.670841-04:00,17.58,2780,17.59,556,16.32,3643,16.33,3071
2021-09-24 10:08:28.670841-04:00,17.58,2617,17.59,830,16.32,3643,16.33,3071
2021-09-24 10:08:28.670841-04:00,17.58,2617,17.59,830,16.32,3643,16.33,3071
2021-09-24 10:08:28.670841-04:00,17.58,2617,17.59,830,16.32,3643,16.33,3071
2021-09-24 10:08:28.670841-04:00,17.58,2617,17.59,830,16.32,3466,16.33,3076
2021-09-24 10:08:28.670841-04:00,17.58,2617,17.59,830,16.32,3466,16.33,3076
2021-09-24 10:08:38.683072-04:00,17.58,2617,17.59,830,16.32,3466,16.33,3076
2021-09-24 10:08:38.683072-04:00,17.58,1804,17.59,856,16.32,3466,16.33,3076
2021-09-24 10:08:38.683072-04:00,17.58,1253,17.59,1000,16.32,3490,16.33,3082
2021-09-24 10:08:38.683072-04:00,17.58,1253,17.59,1000,16.32,3490,16.33,3082
2021-09-24 10:08:38.683072-04:00,17.58,1253,17.59,1000,16.32,3597,16.33,3054
2021-09-24 10:08:38.683072-04:00,17.58,1253,17.59,1000,16.32,3597,16.33,3054
2021-09-24 10:08:38.683072-04:00,17.58,1721,17.59,512,16.32,3597,16.33,3054
2021-09-24 10:08:38.683072-04:00,17.58,1721,17.59,512,16.32,3597,16.33,3054
2021-09-24 10:08:38.683072-04:00,17.58,1721,17.59,512,16.32,3557,16.33,3077
2021-09-24 10:08:38.683072-04:00,17.58,1721,17.59,512,16.32,3557,16.33,3077
2021-09-24 10:08:38.683072-04:00,17.58,1585,17.59,1646,16.32,3557,16.33,3077
2021-09-24 10:08:38.683072-04:00,17.58,1585,17.59,1646,16.32,3557,16.33,3077
2021-09-24 10:08:38.683072-04:00,17.58,1585,17.59,1646,16.32,3557,16.33,3077
2021-09-24 10:08:38.683072-04:00,17.58,1585,17.59,1646,16.32,3254,16.33,3086
2021-09-24 10:08:38.683072-04:00,17.58,1897,17.59,1499,16.32,3254,16.33,3086
2021-09-24 10:08:38.683072-04:00,17.58,1897,17.59,1499,16.32,3254,16.33,3086
2021-09-24 10:09:28.748218-04:00,17.59,1283,17.6,2871,16.32,4310,16.33,2927
2021-09-24 10:09:33.502506-04:00,17.59,1381,17.6,2645,16.32,4310,16.33,2927
2021-09-24 10:09:33.502506-04:00,17.59,1381,17.6,2645,16.32,4385,16.33,2895
2021-09-24 10:09:39.510442-04:00,17.59,1381,17.6,2645,16.32,4385,16.33,2895
2021-09-24 10:09:39.510442-04:00,17.59,1381,17.6,2645,16.32,4385,16.33,2895
2021-09-24 10:09:39.510442-04:00,17.59,1186,17.6,2476,16.32,4166,16.33,2976
2021-09-24 10:09:39.510442-04:00,17.59,1186,17.6,2476,16.32,4166,16.33,2976
2021-09-24 10:09:39.510442-04:00,17.59,1186,17.6,2476,16.32,4166,16.33,2976
2021-09-24 10:09:51.526318-04:00,17.59,1186,17.6,2476,16.32,4166,16.33,2976
2021-09-24 10:09:51.526318-04:00,17.59,1186,17.6,2476,16.32,4166,16.33,2976
2021-09-24 10:09:51.526318-04:00,17.59,1186,17.6,2476,16.32,3340,16.33,3041
2021-09-24 10:09:51.526318-04:00,17.58,2203,17.59,805,16.32,3340,16.33,3041
2021-09-24 10:10:03.541194-04:00,17.58,2203,17.59,805,16.32,3340,16.33,3041
2021-09-24 10:10:03.541194-04:00,17.58,2203,17.59,805,16.32,3340,16.33,3041
2021-09-24 10:10:03.541194-04:00,17.58,2022,17.59,928,16.32,3340,16.33,3041
2021-09-24 10:10:03.541194-04:00,17.58,2022,17.59,928,16.32,3533,16.33,3091
2021-09-24 10:10:03.541194-04:00,17.58,2022,17.59,928,16.32,3533,16.33,3091
2021-09-24 10:10:03.541194-04:00,17.58,2022,17.59,928,16.32,3533,16.33,3091
2021-09-24 10:10:03.541194-04:00,17.58,2022,17.59,928,16.32,4042,16.33,3067
2021-09-24 10:10:03.541194-04:00,17.58,2468,17.59,925,16.32,4042,16.33,3067
2021-09-24 10:10:03.541194-04:00,17.58,2468,17.59,925,16.32,4042,16.33,3067
2021-09-24 10:10:26.315307-04:00,17.58,2468,17.59,925,16.32,4042,16.33,3067
2021-09-24 10:10:26.315307-04:00,17.58,2468,17.59,925,16.32,4042,16.33,3067
2021-09-24 10:10:26.315307-04:00,17.58,2702,17.59,613,16.32,4042,16.33,3067
2021-09-24 10:10:26.315307-04:00,17.58,2702,17.59,613,16.32,3880,16.33,3013
2021-09-24 10:10:30.577910-04:00,17.58,2702,17.59,613,16.32,3880,16.33,3013
2021-09-24 10:10:33.580881-04:00,17.58,2702,17.59,613,16.32,3880,16.33,3013
2021-09-24 10:10:39.738419-04:00,17.58,2702,17.59,613,16.32,3880,16.33,3013
2021-09-24 10:10:39.738419-04:00,17.58,2702,17.59,613,16.32,3880,16.33,3013
2021-09-24 10:10:39.738419-04:00,17.59,325,17.6,3380,16.32,3884,16.33,3009
2021-09-24 10:10:39.738419-04:00,17.59,325,17.6,3380,16.32,3884,16.33,3009
2021-09-24 10:10:39.738419-04:00,17.59,325,17.6,3380,16.32,3884,16.33,3009
2021-09-24 10:10:39.738419-04:00,17.59,325,17.6,3380,16.32,3462,16.33,2992
2021-09-24 10:10:39.738419-04:00,17.58,1973,17.59,2588,16.32,3462,16.33,2992
2021-09-24 10:10:48.601721-04:00,17.58,1973,17.59,2588,16.32,3462,16.33,2992
2021-09-24 10:10:48.601721-04:00,17.58,1973,17.59,2588,16.32,3462,16.33,2992
2021-09-24 10:10:48.601721-04:00,17.58,3032,17.59,1315,16.32,3462,16.33,2992
2021-09-24 10:10:48.601721-04:00,17.58,3032,17.59,1315,16.32,4020,16.33,3017
2021-09-24 10:10:48.601721-04:00,17.58,3032,17.59,1315,16.32,4020,16.33,3017
2021-09-24 10:10:48.601721-04:00,17.58,3032,17.59,1315,16.32,4020,16.33,3017
2021-09-24 10:10:48.601721-04:00,17.58,3032,17.59,1315,16.32,4025,16.33,3000
2021-09-24 10:11:08.627181-04:00,17.58,3026,17.59,515,16.32,4025,16.33,3000
2021-09-24 10:11:10.629828-04:00,17.58,3026,17.59,515,16.32,4025,16.33,3000
2021-09-24 10:11:14.635119-04:00,17.58,3026,17.59,515,16.32,4025,16.33,3000
2021-09-24 10:11:14.635119-04:00,17.58,3026,17.59,515,16.32,4025,16.33,3000
2021-09-24 10:11:14.635119-04:00,17.58,3026,17.59,515,16.32,4252,16.33,2963
2021-09-24 10:11:14.635119-04:00,17.59,1417,17.6,2490,16.32,4252,16.33,2963
2021-09-24 10:11:24.646351-04:00,17.59,1417,17.6,2490,16.32,4252,16.33,2963
2021-09-24 10:11:24.646351-04:00,17.59,1417,17.6,2490,16.32,4252,16.33,2963
2021-09-24 10:11:24.646351-04:00,17.59,1417,17.6,2490,16.32,4252,16.33,2963
2021-09-24 10:11:24.646351-04:00,17.59,1417,17.6,2490,16.32,4252,16.33,2963
2021-09-24 10:11:24.646351-04:00,17.59,1417,17.6,2490,16.32,4907,16.33,471
2021-09-24 10:11:24.646351-04:00,17.59,2977,17.6,1229,16.32,4907,16.33,471
2021-09-24 10:11:34.659580-04:00,17.59,2977,17.6,1229,16.32,4907,16.33,471
2021-09-24 10:11:34.659580-04:00,17.59,2977,17.6,1229,16.32,4033,16.33,2596
2021-09-24 10:11:34.659580-04:00,17.59,2977,17.6,1229,16.32,4033,16.33,2596
2021-09-24 10:11:34.659580-04:00,17.59,1112,17.6,2546,16.32,4033,16.33,2596
2021-09-24 10:11:46.873925-04:00,17.59,1941,17.6,2335,16.32,4033,16.33,2596
2021-09-24 10:11:46.873925-04:00,17.59,1941,17.6,2335,16.32,4055,16.33,1679
2021-09-24 10:11:54.686039-04:00,17.59,1941,17.6,2335,16.32,4055,16.33,1679
2021-09-24 10:11:54.686039-04:00,17.59,1941,17.6,2335,16.32,4055,16.33,1679
2021-09-24 10:11:54.686039-04:00,17.59,1941,17.6,2335,16.32,4055,16.33,1679
2021-09-24 10:11:54.686039-04:00,17.59,1274,17.6,2427,16.32,4033,16.33,2642
2021-09-24 10:11:54.686039-04:00,17.59,1274,17.6,2427,16.32,4033,16.33,2642
2021-09-24 10:11:54.686039-04:00,17.59,1274,17.6,2427,16.32,4032,16.33,2533
2021-09-24 10:11:54.686039-04:00,17.59,1252,17.6,2465,16.32,4032,16.33,2533
2021-09-24 10:11:54.686039-04:00,17.59,1252,17.6,2465,16.32,4032,16.33,2533
2021-09-24 10:11:54.686039-04:00,17.59,1252,17.6,2465,16.32,4032,16.33,2533
2021-09-24 10:11:54.686039-04:00,17.59,353,17.6,3271,16.32,4029,16.33,2559
2021-09-24 10:12:18.602097-04:00,17.59,353,17.6,3271,16.32,4029,16.33,2559
2021-09-24 10:12:18.602097-04:00,17.59,353,17.6,3271,16.32,4029,16.33,2559
2021-09-24 10:12:27.119324-04:00,17.59,353,17.6,3271,16.32,4029,16.33,2559
2021-09-24 10:12:27.119324-04:00,17.59,353,17.6,3271,16.32,4262,16.33,2551
2021-09-24 10:12:27.119324-04:00,17.59,638,17.6,2937,16.32,4262,16.33,2551
2021-09-24 10:12:34.504578-04:00,17.59,638,17.6,2937,16.32,4262,16.33,2551
2021-09-24 10:12:34.504578-04:00,17.59,638,17.6,2937,16.32,4262,16.33,2551
2021-09-24 10:12:34.504578-04:00,17.59,638,17.6,2937,16.32,4262,16.33,2540
2021-09-24 10:12:34.504578-04:00,17.59,789,17.6,2350,16.32,4262,16.33,2540
2021-09-24 10:12:34.504578-04:00,17.59,789,17.6,2350,16.32,4262,16.33,2540
2021-09-24 10:12:34.504578-04:00,17.59,742,17.6,2385,16.32,4262,16.33,2540
2021-09-24 10:12:49.523424-04:00,17.59,742,17.6,2385,16.32,4262,16.33,2540
2021-09-24 10:12:49.523424-04:00,17.59,742,17.6,2385,16.32,4262,16.33,2540
2021-09-24 10:12:49.523424-04:00,17.59,742,17.6,2385,16.32,4262,16.33,2540
2021-09-24 10:12:49.523424-04:00,17.59,618,17.6,2976,16.32,4230,16.33,2545
2021-09-24 10:13:03.541944-04:00,17.59,618,17.6,2976,16.32,4230,16.33,2545
2021-09-24 10:13:03.541944-04:00,17.59,618,17.6,2976,16.32,4230,16.33,2545
2021-09-24 10:13:03.541944-04:00,17.59,512,17.6,2978,16.32,4218,16.33,2545
2021-09-24 10:13:03.541944-04:00,17.59,512,17.6,2978,16.32,4218,16.33,2545
2021-09-24 10:13:03.541944-04:00,17.59,512,17.6,2978,16.32,4218,16.33,2545
2021-09-24 10:13:20.895549-04:00,17.59,512,17.6,2978,16.32,4218,16.33,2545
2021-09-24 10:13:20.895549-04:00,17.59,1431,17.6,1752,16.32,4218,16.33,2545
2021-09-24 10:13:20.895549-04:00,17.59,1431,17.6,1752,16.32,4020,16.33,832
2021-09-24 10:13:20.895549-04:00,17.59,1431,17.6,1752,16.32,4020,16.33,832
2021-09-24 10:13:20.895549-04:00,17.59,1431,17.6,1752,16.32,4020,16.33,832
2021-09-24 10:13:20.895549-04:00,17.59,1431,17.6,1752,16.32,4020,16.33,832
2021-09-24 10:13:28.576013-04:00,17.59,1471,17.6,2146,16.32,4020,16.33,832
2021-09-24 10:13:28.576013-04:00,17.59,1471,17.6,2146,16.32,4018,16.33,1942
2021-09-24 10:13:28.576013-04:00,17.59,1471,17.6,2146,16.32,4018,16.33,1942
2021-09-24 10:13:28.576013-04:00,17.59,1471,17.6,2146,16.32,4018,16.33,1942
2021-09-24 10:13:28.576013-04:00,17.59,1471,17.6,2146,16.32,4018,16.33,1942
2021-09-24 10:13:28.576013-04:00,17.59,1998,17.6,2211,16.32,4029,16.33,1931
2021-09-24 10:13:28.576013-04:00,17.59,695,17.6,2360,16.32,4029,16.33,1931
2021-09-24 10:13:28.576013-04:00,17.59,695,17.6,2360,16.32,4018,16.33,2438
2021-09-24 10:13:28.576013-04:00,17.59,695,17.6,2360,16.32,4018,16.33,2438
2021-09-24 10:13:28.576013-04:00,17.59,695,17.6,2360,16.32,4018,16.33,2438
2021-09-24 10:14:01.207769-04:00,17.59,695,17.6,2360,16.32,4018,16.33,2438
2021-09-24 10:14:01.207769-04:00,17.59,727,17.6,2187,16.32,4031,16.33,1829
2021-09-24 10:14:01.207769-04:00,17.59,727,17.6,2187,16.32,4031,16.33,1829
2021-09-24 10:14:01.207769-04:00,17.59,727,17.6,2187,16.32,4031,16.33,1829
2021-09-24 10:14:01.207769-04:00,17.59,727,17.6,2187,16.32,4019,16.33,2224
2021-09-24 10:14:08.628928-04:00,17.59,727,17.6,2187,16.32,4019,16.33,2224
2021-09-24 10:14:08.628928-04:00,17.59,511,17.6,3087,16.32,4019,16.33,2224
2021-09-24 10:14:08.628928-04:00,17.59,511,17.6,3087,16.32,4019,16.33,2224
2021-09-24 10:14:14.617916-04:00,17.59,511,17.6,3087,16.32,4019,16.33,2224
2021-09-24 10:14:14.617916-04:00,17.59,716,17.6,2329,16.32,4019,16.33,2224
2021-09-24 10:14:14.617916-04:00,17.59,716,17.6,2329,16.32,4272,16.33,2244
2021-09-24 10:14:21.646193-04:00,17.59,716,17.6,2329,16.32,4272,16.33,2244
2021-09-24 10:14:21.646193-04:00,17.59,716,17.6,2329,16.32,4272,16.33,2244
2021-09-24 10:14:21.646193-04:00,17.59,716,17.6,2329,16.32,4272,16.33,2244
2021-09-24 10:14:21.646193-04:00,17.59,716,17.6,2329,16.32,4240,16.33,1667
2021-09-24 10:14:21.646193-04:00,17.59,697,17.6,2333,16.32,4240,16.33,1667
2021-09-24 10:14:21.646193-04:00,17.59,697,17.6,2333,16.32,4240,16.33,1667
2021-09-24 10:14:21.646193-04:00,17.59,697,17.6,2333,16.32,4013,16.33,1337
2021-09-24 10:14:21.646193-04:00,17.59,604,17.6,2364,16.32,4013,16.33,1337
2021-09-24 10:14:21.646193-04:00,17.59,604,17.6,2364,16.32,4013,16.33,1337
2021-09-24 10:14:21.646193-04:00,17.59,604,17.6,2364,16.32,4013,16.33,1337
2021-09-24 10:14:21.646193-04:00,17.59,514,17.6,2389,16.32,4013,16.33,1337
2021-09-24 10:14:21.646193-04:00,17.59,514,17.6,2389,16.32,3966,16.33,2533
2021-09-24 10:14:48.628984-04:00,17.59,514,17.6,2389,16.32,3966,16.33,2533
2021-09-24 10:14:48.628984-04:00,17.59,514,17.6,2389,16.32,3966,16.33,2533
2021-09-24 10:14:56.639568-04:00,17.59,514,17.6,2389,16.32,3966,16.33,2533
2021-09-24 10:14:56.639568-04:00,17.59,514,17.6,2389,16.32,3966,16.33,2533
2021-09-24 10:14:56.639568-04:00,17.58,2250,17.59,3,16.32,3966,16.33,2533
2021-09-24 10:14:56.639568-04:00,17.58,2250,17.59,3,16.32,3249,16.33,1988
2021-09-24 10:14:56.639568-04:00,17.58,2250,17.59,3,16.32,3469,16.33,1979
2021-09-24 10:14:56.639568-04:00,17.58,2250,17.59,3,16.32,3469,16.33,1979
2021-09-24 10:15:08.657437-04:00,17.58,2250,17.59,3,16.32,3469,16.33,1979
2021-09-24 10:15:08.657437-04:00,17.58,2250,17.59,3,16.32,3469,16.33,1979
2021-09-24 10:15:08.657437-04:00,17.58,1815,17.59,140,16.32,3469,16.33,1979
2021-09-24 10:15:08.657437-04:00,17.58,1815,17.59,140,16.32,3469,16.33,1979
2021-09-24 10:15:08.657437-04:00,17.58,1815,17.59,140,16.32,3469,16.33,1979
2021-09-24 10:15:08.657437-04:00,17.58,1815,17.59,140,16.32,3476,16.33,1977
2021-09-24 10:15:08.657437-04:00,17.58,1815,17.59,140,16.32,3476,16.33,1977
2021-09-24 10:15:21.620778-04:00,17.58,2237,17.59,220,16.32,3476,16.33,1977
2021-09-24 10:15:21.620778-04:00,17.58,2237,17.59,220,16.32,3476,16.33,1977
2021-09-24 10:15:21.620778-04:00,17.58,2237,17.59,220,16.32,3476,16.33,1977
2021-09-24 10:15:21.620778-04:00,17.58,2237,17.59,220,16.32,3476,16.33,1977
2021-09-24 10:15:21.620778-04:00,17.58,1775,17.59,254,16.32,3476,16.33,1977
2021-09-24 10:15:27.680575-04:00,17.58,1775,17.59,254,16.32,3476,16.33,1977
2021-09-24 10:15:27.680575-04:00,17.58,1775,17.59,254,16.32,2907,16.33,1993
2021-09-24 10:15:37.694802-04:00,17.58,1775,17.59,254,16.32,2907,16.33,1993
2021-09-24 10:15:37.694802-04:00,17.58,1775,17.59,254,16.32,2907,16.33,1993
2021-09-24 10:15:37.694802-04:00,17.58,1775,17.59,254,16.32,2907,16.33,1993
2021-09-24 10:15:38.696124-04:00,17.58,1775,17.59,254,16.32,2744,16.33,2817
2021-09-24 10:15:38.696124-04:00,17.58,283,17.59,2262,16.32,2744,16.33,2817
2021-09-24 10:15:48.447057-04:00,17.58,283,17.59,2262,16.32,2744,16.33,2817
2021-09-24 10:15:48.447057-04:00,17.58,283,17.59,2262,16.32,2458,16.33,2716
2021-09-24 10:15:48.447057-04:00,17.58,597,17.59,1677,16.32,2458,16.33,2716
2021-09-24 10:15:48.447057-04:00,17.58,597,17.59,1677,16.32,2458,16.33,2716
2021-09-24 10:16:01.863186-04:00,17.58,597,17.59,1677,16.32,2458,16.33,2716
2021-09-24 10:16:01.863186-04:00,17.58,597,17.59,1677,16.32,2474,16.33,2922
2021-09-24 10:16:01.863186-04:00,17.58,687,17.59,1889,16.32,2474,16.33,2922
2021-09-24 10:16:01.863186-04:00,17.58,687,17.59,1889,16.32,2474,16.33,2927
2021-09-24 10:16:01.863186-04:00,17.58,687,17.59,1889,16.32,2474,16.33,2927
2021-09-24 10:16:08.736807-04:00,17.58,410,17.59,2305,16.32,2474,16.33,2927
2021-09-24 10:16:08.736807-04:00,17.58,410,17.59,2305,16.32,2474,16.33,2927
2021-09-24 10:16:15.301258-04:00,17.58,410,17.59,2305,16.32,2474,16.33,2927
2021-09-24 10:16:15.301258-04:00,17.58,410,17.59,2305,16.32,2474,16.33,2927
2021-09-24 10:16:15.301258-04:00,17.58,449,17.59,2612,16.32,2474,16.33,2927
2021-09-24 10:16:15.301258-04:00,17.58,449,17.59,2612,16.32,2474,16.33,2927
2021-09-24 10:16:15.301258-04:00,17.58,449,17.59,2612,16.32,2474,16.33,2927
2021-09-24 10:16:28.747310-04:00,17.58,449,17.59,2612,16.32,2474,16.33,2927
2021-09-24 10:16:28.747310-04:00,17.58,482,17.59,2634,16.32,2496,16.33,2955
2021-09-24 10:16:28.747310-04:00,17.58,482,17.59,2634,16.32,2496,16.33,2955
2021-09-24 10:16:38.526163-04:00,17.58,964,17.59,2030,16.32,2496,16.33,2955
2021-09-24 10:16:38.526163-04:00,17.58,964,17.59,2030,16.32,2516,16.33,2976
2021-09-24 10:16:38.526163-04:00,17.58,964,17.59,2030,16.32,2516,16.33,2976
2021-09-24 10:16:38.526163-04:00,17.58,964,17.59,2030,16.32,2516,16.33,2976
2021-09-24 10:16:48.539390-04:00,17.58,799,17.59,591,16.32,2516,16.33,2976
2021-09-24 10:16:48.539390-04:00,17.58,799,17.59,591,16.32,2557,16.33,2319
2021-09-24 10:16:48.539390-04:00,17.58,799,17.59,591,16.32,2557,16.33,2319
2021-09-24 10:16:55.581564-04:00,17.58,799,17.59,591,16.32,2557,16.33,2319
2021-09-24 10:16:55.581564-04:00,17.58,799,17.59,591,16.32,2557,16.33,2319
2021-09-24 10:16:55.581564-04:00,17.58,464,17.59,2645,16.32,2463,16.33,2954
2021-09-24 10:17:09.016645-04:00,17.58,464,17.59,2645,16.32,2485,16.33,2987
2021-09-24 10:17:09.016645-04:00,17.58,464,17.59,2645,16.32,2485,16.33,2987
2021-09-24 10:17:09.016645-04:00,17.58,541,17.59,2207,16.32,2485,16.33,2987
2021-09-24 10:17:09.016645-04:00,17.58,541,17.59,2207,16.32,2485,16.33,2987
2021-09-24 10:17:09.016645-04:00,17.58,541,17.59,2207,16.32,2485,16.33,2987
2021-09-24 10:17:09.016645-04:00,17.58,541,17.59,2207,16.32,2485,16.33,2972
2021-09-24 10:17:16.577453-04:00,17.58,541,17.59,2207,16.32,2485,16.33,2972
2021-09-24 10:17:16.577453-04:00,17.58,552,17.59,2012,16.32,2485,16.33,2972
2021-09-24 10:17:16.577453-04:00,17.58,552,17.59,2012,16.32,2485,16.33,2972
2021-09-24 10:17:16.577453-04:00,17.58,552,17.59,2012,16.32,2523,16.33,2398
2021-09-24 10:17:28.594307-04:00,17.58,2284,17.59,989,16.32,2523,16.33,2398
2021-09-24 10:17:36.606878-04:00,17.58,2284,17.59,989,16.32,2523,16.33,2398
2021-09-24 10:17:36.606878-04:00,17.58,2284,17.59,989,16.32,2520,16.33,2406
2021-09-24 10:17:36.606878-04:00,17.58,735,17.59,868,16.32,2520,16.33,2406
2021-09-24 10:17:36.606878-04:00,17.58,735,17.59,868,16.32,2520,16.33,2406
2021-09-24 10:17:36.606878-04:00,17.58,735,17.59,868,16.32,2520,16.33,2406
2021-09-24 10:17:36.606878-04:00,17.58,735,17.59,868,16.32,2443,16.33,3211
2021-09-24 10:17:49.448587-04:00,17.57,2688,17.58,798,16.32,2443,16.33,3211
2021-09-24 10:17:49.448587-04:00,17.57,2688,17.58,798,16.32,2443,16.33,3211
2021-09-24 10:17:49.448587-04:00,17.57,2688,17.58,798,16.32,2443,16.33,3211
2021-09-24 10:17:57.636696-04:00,17.57,2688,17.58,798,16.32,2443,16.33,3211
2021-09-24 10:17:57.636696-04:00,17.57,2688,17.58,798,16.32,2443,16.33,3211
2021-09-24 10:17:57.636696-04:00,17.57,2127,17.58,828,16.32,1214,16.33,3024
2021-09-24 10:17:57.636696-04:00,17.57,2127,17.58,828,16.32,1214,16.33,3024
2021-09-24 10:18:08.651247-04:00,17.57,2127,17.58,828,16.32,1214,16.33,3024
2021-09-24 10:18:08.651247-04:00,17.57,1795,17.58,932,16.32,975,16.33,3065
2021-09-24 10:18:08.651247-04:00,17.57,1795,17.58,932,16.32,975,16.33,3065
2021-09-24 10:18:08.651247-04:00,17.57,1795,17.58,932,16.32,975,16.33,3065
2021-09-24 10:18:18.663476-04:00,17.57,1795,17.58,932,16.32,975,16.33,3065
2021-09-24 10:18:18.663476-04:00,17.56,514,17.57,1499,16.32,43,16.33,5204
2021-09-24 10:18:18.663476-04:00,17.56,514,17.57,1499,16.32,43,16.33,5204
2021-09-24 10:18:18.663476-04:00,17.56,514,17.57,1499,16.32,43,16.33,5204
2021-09-24 10:18:29.701984-04:00,17.56,514,17.57,1499,16.31,827,16.32,4377
2021-09-24 10:18:29.701984-04:00,17.55,629,17.56,1213,16.31,827,16.32,4377
2021-09-24 10:18:29.701984-04:00,17.55,629,17.56,1213,16.31,827,16.32,4377
2021-09-24 10:18:36.690281-04:00,17.55,629,17.56,1213,16.31,827,16.32,4377
2021-09-24 10:18:36.690281-04:00,17.55,629,17.56,1213,16.31,1267,16.32,4403
2021-09-24 10:18:36.690281-04:00,17.55,568,17.56,1302,16.31,1267,16.32,4403
2021-09-24 10:18:43.696548-04:00,17.55,568,17.56,1302,16.31,1267,16.32,4403
2021-09-24 10:18:43.696548-04:00,17.55,568,17.56,1302,16.31,1267,16.32,4403
2021-09-24 10:18:45.700191-04:00,17.55,568,17.56,1302,16.31,1267,16.32,4403
2021-09-24 10:18:45.700191-04:00,17.55,568,17.56,1302,16.31,1267,16.32,4403
2021-09-24 10:18:45.700191-04:00,17.55,492,17.56,2383,16.3,5346,16.31,130
2021-09-24 10:18:45.700191-04:00,17.55,492,17.56,2383,16.3,5346,16.31,130
2021-09-24 10:18:45.700191-04:00,17.55,492,17.56,2383,16.3,5346,16.31,130
2021-09-24 10:18:45.700191-04:00,17.55,492,17.56,2383,16.3,5346,16.31,130
2021-09-24 10:18:45.700191-04:00,17.55,492,17.56,2383,16.3,3890,16.31,1986
2021-09-24 10:18:58.717394-04:00,17.54,2467,17.55,881,16.3,3890,16.31,1986
2021-09-24 10:18:58.717394-04:00,17.54,2467,17.55,881,16.3,3890,16.31,1986
2021-09-24 10:18:58.717394-04:00,17.54,2467,17.55,881,16.3,3890,16.31,1986
2021-09-24 10:18:58.717394-04:00,17.54,2467,17.55,881,16.3,3890,16.31,1986
2021-09-24 10:19:10.278479-04:00,17.54,762,17.55,1031,16.3,3314,16.31,2272
2021-09-24 10:19:10.278479-04:00,17.54,762,17.55,1031,16.3,3314,16.31,2272
2021-09-24 10:19:10.278479-04:00,17.54,762,17.55,1031,16.3,3314,16.31,2272
2021-09-24 10:19:10.278479-04:00,17.54,762,17.55,1031,16.3,3314,16.31,2272
2021-09-24 10:19:18.741850-04:00,17.54,762,17.55,1031,16.3,2085,16.31,3594
2021-09-24 10:19:18.741850-04:00,17.53,1539,17.54,788,16.3,2085,16.31,3594
2021-09-24 10:19:18.741850-04:00,17.53,1539,17.54,788,16.3,2085,16.31,3594
2021-09-24 10:19:25.499783-04:00,17.53,1539,17.54,788,16.3,2085,16.31,3594
2021-09-24 10:19:25.499783-04:00,17.53,1539,17.54,788,16.3,2085,16.31,3594
2021-09-24 10:19:25.499783-04:00,17.53,1539,17.54,788,16.3,2085,16.31,3594
2021-09-24 10:19:25.499783-04:00,17.53,1539,17.54,788,16.3,2748,16.31,2865
2021-09-24 10:19:25.499783-04:00,17.54,362,17.55,2636,16.3,2748,16.31,2865
2021-09-24 10:19:25.499783-04:00,17.54,362,17.55,2636,16.3,2748,16.31,2865
2021-09-24 10:19:25.499783-04:00,17.54,362,17.55,2636,16.3,2748,16.31,2865
2021-09-24 10:19:38.517993-04:00,17.54,362,17.55,2636,16.3,2748,16.31,2865
2021-09-24 10:19:38.517993-04:00,17.54,362,17.55,2636,16.29,2296,16.3,3419
2021-09-24 10:19:38.517993-04:00,17.52,287,17.53,2115,16.29,2296,16.3,3419
2021-09-24 10:19:43.524656-04:00,17.52,287,17.53,2115,16.29,2296,16.3,3419
2021-09-24 10:19:50.746350-04:00,17.52,287,17.53,2115,16.29,2296,16.3,3419
2021-09-24 10:19:50.746350-04:00,17.52,287,17.53,2115,16.29,2296,16.3,3419
2021-09-24 10:19:50.746350-04:00,17.52,287,17.53,2115,16.29,2296,16.3,3419
2021-09-24 10:19:50.746350-04:00,17.52,1703,17.53,877,16.29,3072,16.3,3324
2021-09-24 10:19:50.746350-04:00,17.52,1703,17.53,877,16.29,3072,16.3,3324
2021-09-24 10:19:50.746350-04:00,17.51,3729,17.52,449,16.29,3072,16.3,3324
2021-09-24 10:19:50.746350-04:00,17.51,3729,17.52,449,16.29,3072,16.3,3324
2021-09-24 10:19:50.746350-04:00,17.51,3729,17.52,449,16.29,3072,16.3,3324
