time,bid1,bid_size1,ask1,ask_size1,bid2,bid_size2,ask2,ask_size2
2021-09-29 09:30:05.084378-04:00,18.26,488,18.27,400,16.63,1482,16.64,31
2021-09-29 09:30:05.084378-04:00,18.26,734,18.27,400,16.63,1482,16.64,31
2021-09-29 09:30:09.314070-04:00,18.26,734,18.27,400,16.63,1505,16.64,269
2021-09-29 09:30:09.314070-04:00,18.26,1217,18.27,400,16.63,1505,16.64,269
2021-09-29 09:30:09.314070-04:00,18.26,369,18.27,400,16.63,1505,16.64,269
2021-09-29 09:30:25.303321-04:00,18.26,369,18.27,400,16.63,1482,16.64,150
2021-09-29 09:30:49.400893-04:00,18.26,369,18.27,400,16.64,654,16.65,1547
2021-09-29 09:30:49.400893-04:00,18.26,1227,18.28,608,16.64,654,16.65,1547
2021-09-29 09:30:49.400893-04:00,18.26,1227,18.28,608,16.64,654,16.65,1547
2021-09-29 09:30:54.298797-04:00,18.26,1227,18.28,608,16.64,654,16.65,1547
2021-09-29 09:30:54.298797-04:00,18.26,1227,18.28,608,16.64,150,16.65,1666
2021-09-29 09:30:54.298797-04:00,18.26,1227,18.28,608,16.64,150,16.65,1666
2021-09-29 09:30:54.298797-04:00,18.26,955,18.27,68,16.64,150,16.65,1666
2021-09-29 09:31:05.313351-04:00,18.26,955,18.27,68,16.64,150,16.65,1666
2021-09-29 09:31:05.313351-04:00,18.26,955,18.27,68,16.64,150,16.65,1666
2021-09-29 09:31:05.313351-04:00,18.26,955,18.27,68,16.64,916,16.65,1666
2021-09-29 09:31:05.313351-04:00,18.26,1099,18.28,553,16.64,916,16.65,1666
2021-09-29 09:31:05.313351-04:00,18.26,1099,18.28,553,16.64,916,16.65,1666
2021-09-29 09:31:12.364499-04:00,18.26,1099,18.28,553,16.64,916,16.65,1666
2021-09-29 09:31:12.364499-04:00,18.26,1099,18.28,553,16.64,282,16.65,1666
2021-09-29 09:31:12.364499-04:00,18.26,1048,18.27,122,16.64,282,16.65,1666
2021-09-29 09:31:12.364499-04:00,18.26,1048,18.27,122,16.64,282,16.65,1666
2021-09-29 09:31:12.364499-04:00,18.26,1048,18.27,122,16.64,282,16.65,1666
2021-09-29 09:31:22.338832-04:00,18.26,1048,18.27,122,16.64,282,16.65,1666
2021-09-29 09:31:22.338832-04:00,18.26,1048,18.27,122,16.63,1523,16.64,517
2021-09-29 09:31:22.338832-04:00,18.26,1048,18.27,122,16.63,1523,16.64,517
2021-09-29 09:31:22.338832-04:00,18.26,379,18.27,252,16.63,1523,16.64,517
2021-09-29 09:31:22.338832-04:00,18.26,379,18.27,252,16.63,1523,16.64,517
2021-09-29 09:31:22.338832-04:00,18.26,379,18.27,252,16.63,1523,16.64,517
2021-09-29 09:31:22.338832-04:00,18.26,379,18.27,252,16.64,511,16.65,1575
2021-09-29 09:31:36.358349-04:00,18.26,379,18.27,252,16.64,511,16.65,1575
2021-09-29 09:31:36.358349-04:00,18.26,527,18.27,122,16.64,511,16.65,1575
2021-09-29 09:31:36.358349-04:00,18.26,1314,18.27,68,16.64,511,16.65,1575
2021-09-29 09:31:43.043476-04:00,18.26,1314,18.27,68,16.64,257,16.65,1575
2021-09-29 09:31:43.043476-04:00,18.26,1314,18.27,68,16.64,199,16.65,1575
2021-09-29 09:31:49.376542-04:00,18.26,1314,18.27,68,16.64,199,16.65,1575
2021-09-29 09:31:49.376542-04:00,18.26,1307,18.27,14,16.64,199,16.65,1575
2021-09-29 09:31:49.376542-04:00,18.26,1307,18.27,14,16.64,270,16.65,1501
2021-09-29 09:31:49.376542-04:00,18.26,537,18.27,122,16.64,270,16.65,1501
2021-09-29 09:32:17.415576-04:00,18.26,537,18.27,122,16.64,270,16.65,1501
2021-09-29 09:32:17.415576-04:00,18.26,537,18.27,122,16.63,1440,16.65,1501
2021-09-29 09:32:17.415576-04:00,18.26,318,18.27,29,16.63,1440,16.65,1501
2021-09-29 09:32:17.415576-04:00,18.26,318,18.27,29,16.63,1495,16.64,183
2021-09-29 09:32:17.415576-04:00,18.26,264,18.27,137,16.63,1495,16.64,183
2021-09-29 09:32:17.415576-04:00,18.26,264,18.27,137,16.63,1495,16.64,183
2021-09-29 09:32:17.415576-04:00,18.26,264,18.27,137,16.63,1495,16.64,183
2021-09-29 09:32:17.415576-04:00,18.26,264,18.27,137,16.63,1471,16.64,1581
2021-09-29 09:32:38.398477-04:00,18.26,264,18.27,137,16.63,1471,16.64,1581
2021-09-29 09:32:38.398477-04:00,18.26,16,18.27,752,16.63,1471,16.64,1581
2021-09-29 09:32:38.398477-04:00,18.26,16,18.27,752,16.63,1471,16.64,1581
2021-09-29 09:32:38.398477-04:00,18.26,16,18.27,752,16.63,1471,16.64,1581
2021-09-29 09:32:38.398477-04:00,18.26,16,18.27,752,16.63,1471,16.64,1581
2021-09-29 09:32:50.276721-04:00,18.26,16,18.27,752,16.63,222,16.64,1819
2021-09-29 09:32:50.276721-04:00,18.24,824,18.26,600,16.63,222,16.64,1819
2021-09-29 09:32:50.276721-04:00,18.24,824,18.26,600,16.63,222,16.64,1819
2021-09-29 09:32:50.276721-04:00,18.24,824,18.26,600,16.63,222,16.64,1819
2021-09-29 09:32:50.276721-04:00,18.24,824,18.26,600,16.63,222,16.64,1819
2021-09-29 09:32:50.276721-04:00,18.24,824,18.26,600,16.63,222,16.64,1819
2021-09-29 09:32:50.276721-04:00,18.24,824,18.26,600,16.62,1039,16.63,1345
2021-09-29 09:32:50.276721-04:00,18.23,5,18.24,487,16.62,1039,16.63,1345
2021-09-29 09:32:58.333179-04:00,18.23,5,18.24,487,16.62,1039,16.63,1345
2021-09-29 09:32:58.333179-04:00,18.23,5,18.24,487,16.62,1039,16.63,1345
2021-09-29 09:32:58.333179-04:00,18.23,5,18.24,487,16.62,1039,16.63,1345
2021-09-29 09:32:58.333179-04:00,18.23,5,18.24,487,16.62,1039,16.63,1345
2021-09-29 09:32:58.333179-04:00,18.23,5,18.24,487,16.62,410,16.63,1464
2021-09-29 09:33:06.305867-04:00,18.23,5,18.24,487,16.62,410,16.63,1464
2021-09-29 09:33:06.305867-04:00,18.23,3,18.23,61,16.62,410,16.63,1464
2021-09-29 09:33:06.305867-04:00,18.23,3,18.23,61,16.62,410,16.63,1464
2021-09-29 09:33:06.305867-04:00,18.23,3,18.23,61,16.62,410,16.63,1464
2021-09-29 09:33:10.314150-04:00,18.23,3,18.23,61,16.62,410,16.63,1464
2021-09-29 09:33:10.314150-04:00,18.23,3,18.23,61,16.62,410,16.63,1464
2021-09-29 09:33:10.314150-04:00,18.23,8,18.24,573,16.62,410,16.63,1464
2021-09-29 09:33:10.314150-04:00,18.23,8,18.24,573,16.62,775,16.63,1464
2021-09-29 09:33:10.314150-04:00,18.23,8,18.24,573,16.62,775,16.63,1464
2021-09-29 09:33:10.314150-04:00,18.23,8,18.24,573,16.62,775,16.63,1464
2021-09-29 09:33:10.314150-04:00,18.23,8,18.24,573,16.62,383,16.63,1464
2021-09-29 09:33:25.335984-04:00,18.23,8,18.24,573,16.62,383,16.63,1464
2021-09-29 09:33:25.335984-04:00,18.23,3,18.23,89,16.62,383,16.63,1464
2021-09-29 09:33:25.335984-04:00,18.23,3,18.23,89,16.62,383,16.63,1464
2021-09-29 09:33:25.335984-04:00,18.23,3,18.23,89,16.62,383,16.63,1464
2021-09-29 09:33:25.335984-04:00,18.23,3,18.23,89,16.62,383,16.63,1464
2021-09-29 09:33:25.335984-04:00,18.23,3,18.23,89,16.62,668,16.63,1639
2021-09-29 09:33:25.335984-04:00,18.23,3,18.23,95,16.62,668,16.63,1639
2021-09-29 09:33:25.335984-04:00,18.23,3,18.23,95,16.62,668,16.63,1639
2021-09-29 09:33:25.335984-04:00,18.23,3,18.23,95,16.62,668,16.63,1639
2021-09-29 09:33:25.335984-04:00,18.23,3,18.23,95,16.62,1030,16.63,1639
2021-09-29 09:33:46.366758-04:00,18.23,3,18.23,95,16.62,1030,16.63,1639
2021-09-29 09:33:46.366758-04:00,18.23,8,18.24,579,16.62,1030,16.63,1639
2021-09-29 09:33:46.366758-04:00,18.23,8,18.24,579,16.62,1030,16.63,1639
2021-09-29 09:33:46.366758-04:00,18.23,8,18.24,579,16.62,1030,16.63,1639
2021-09-29 09:33:46.366758-04:00,18.23,8,18.24,579,16.62,1030,16.63,1639
2021-09-29 09:33:46.366758-04:00,18.23,8,18.24,579,16.62,1030,16.63,1639
2021-09-29 09:34:04.395556-04:00,18.23,8,18.24,579,16.62,1030,16.63,1639
2021-09-29 09:34:04.395556-04:00,18.23,8,18.24,639,16.62,1030,16.63,1639
2021-09-29 09:34:04.395556-04:00,18.23,8,18.24,639,16.62,999,16.63,1639
2021-09-29 09:34:04.395556-04:00,18.23,8,18.24,639,16.62,999,16.63,1639
2021-09-29 09:34:04.395556-04:00,18.23,8,18.24,639,16.62,999,16.63,1639
2021-09-29 09:34:04.395556-04:00,18.22,6,18.23,570,16.62,999,16.63,1639
2021-09-29 09:34:04.395556-04:00,18.22,6,18.23,570,16.62,999,16.63,1639
2021-09-29 09:34:04.395556-04:00,18.22,6,18.23,570,16.61,1397,16.62,714
2021-09-29 09:34:18.456962-04:00,18.22,6,18.23,570,16.61,1397,16.62,714
2021-09-29 09:34:18.456962-04:00,18.22,6,18.23,570,16.61,1397,16.62,714
2021-09-29 09:34:18.456962-04:00,18.22,6,18.23,457,16.61,1397,16.62,714
2021-09-29 09:34:18.456962-04:00,18.22,6,18.23,457,16.61,1397,16.62,714
2021-09-29 09:34:18.456962-04:00,18.22,6,18.23,457,16.61,1397,16.62,714
2021-09-29 09:34:18.456962-04:00,18.22,6,18.23,457,16.61,1278,16.62,466
2021-09-29 09:34:27.432961-04:00,18.22,6,18.23,457,16.61,1278,16.62,466
2021-09-29 09:34:27.432961-04:00,18.22,6,18.23,457,16.61,1278,16.62,466
2021-09-29 09:34:27.432961-04:00,18.22,6,18.23,457,16.61,1278,16.62,466
2021-09-29 09:34:37.448187-04:00,18.22,6,18.23,457,16.61,1278,16.62,466
2021-09-29 09:34:37.448187-04:00,18.22,6,18.23,457,16.61,914,16.62,632
2021-09-29 09:34:37.448187-04:00,18.22,6,18.23,619,16.61,914,16.62,632
2021-09-29 09:34:37.448187-04:00,18.22,6,18.23,619,16.61,914,16.62,632
2021-09-29 09:34:50.803479-04:00,18.22,6,18.23,619,16.61,914,16.62,632
2021-09-29 09:34:50.803479-04:00,18.22,6,18.23,619,16.61,1313,16.62,774
2021-09-29 09:34:50.803479-04:00,18.22,6,18.23,626,16.61,1313,16.62,774
2021-09-29 09:34:50.803479-04:00,18.22,6,18.23,626,16.61,1313,16.62,774
2021-09-29 09:34:50.803479-04:00,18.22,6,18.23,626,16.61,1313,16.62,774
2021-09-29 09:34:50.803479-04:00,18.22,6,18.23,626,16.61,1313,16.62,774
2021-09-29 09:34:50.803479-04:00,18.22,6,18.23,626,16.61,1313,16.62,774
2021-09-29 09:34:58.226634-04:00,18.22,6,18.23,626,16.61,1313,16.62,774
2021-09-29 09:34:58.226634-04:00,18.22,6,18.23,626,16.61,1347,16.62,515
2021-09-29 09:34:58.226634-04:00,18.21,615,18.23,737,16.61,1347,16.62,515
2021-09-29 09:34:58.226634-04:00,18.21,615,18.23,737,16.61,1347,16.62,515
2021-09-29 09:35:04.282442-04:00,18.21,615,18.23,737,16.61,1347,16.62,515
2021-09-29 09:35:04.282442-04:00,18.21,615,18.23,737,16.61,1347,16.62,515
2021-09-29 09:35:04.282442-04:00,18.21,615,18.23,737,16.61,1359,16.62,1328
2021-09-29 09:35:04.282442-04:00,18.21,288,18.23,471,16.61,1359,16.62,1328
2021-09-29 09:35:04.282442-04:00,18.21,288,18.23,471,16.61,1359,16.62,1330
2021-09-29 09:35:04.282442-04:00,18.21,290,18.23,471,16.61,1359,16.62,1330
2021-09-29 09:35:04.282442-04:00,18.21,544,18.23,471,16.61,1359,16.62,1330
2021-09-29 09:35:04.282442-04:00,18.21,544,18.23,471,16.61,1359,16.62,1201
2021-09-29 09:35:04.282442-04:00,18.21,544,18.23,471,16.61,1359,16.62,1201
2021-09-29 09:35:04.282442-04:00,18.21,544,18.23,471,16.61,1359,16.62,1201
2021-09-29 09:35:36.282884-04:00,18.21,544,18.23,471,16.61,1359,16.62,1201
2021-09-29 09:35:36.282884-04:00,18.21,544,18.23,471,16.61,1359,16.62,1327
2021-09-29 09:35:36.282884-04:00,18.21,290,18.22,128,16.61,1359,16.62,1327
2021-09-29 09:35:36.282884-04:00,18.21,290,18.22,128,16.61,1359,16.62,1327
2021-09-29 09:35:36.282884-04:00,18.21,290,18.22,128,16.61,1359,16.62,1313
2021-09-29 09:35:36.282884-04:00,18.21,290,18.22,128,16.61,1359,16.62,1313
2021-09-29 09:35:36.282884-04:00,18.21,289,18.22,259,16.61,1359,16.62,1313
2021-09-29 09:35:48.299851-04:00,18.21,289,18.22,259,16.61,1359,16.62,1313
2021-09-29 09:35:48.299851-04:00,18.21,289,18.22,259,16.61,1359,16.62,1313
2021-09-29 09:35:48.299851-04:00,18.21,289,18.22,259,16.61,1359,16.62,1392
2021-09-29 09:35:48.299851-04:00,18.21,325,18.22,259,16.61,1359,16.62,1392
2021-09-29 09:35:48.299851-04:00,18.21,325,18.22,259,16.61,1359,16.62,1392
2021-09-29 09:35:48.299851-04:00,18.21,325,18.22,259,16.61,797,16.62,1920
2021-09-29 09:35:48.299851-04:00,18.21,325,18.22,259,16.61,797,16.62,1920
2021-09-29 09:35:48.299851-04:00,18.21,325,18.22,259,16.61,797,16.62,1920
2021-09-29 09:36:06.327655-04:00,18.21,325,18.22,259,16.61,797,16.62,1920
2021-09-29 09:36:06.327655-04:00,18.21,8,18.22,446,16.61,797,16.62,1920
2021-09-29 09:36:06.327655-04:00,18.21,8,18.22,446,16.61,797,16.62,1874
2021-09-29 09:36:27.358426-04:00,18.21,8,18.22,446,16.61,797,16.62,1874
2021-09-29 09:36:27.358426-04:00,18.21,8,18.22,446,16.61,797,16.62,1874
2021-09-29 09:36:27.358426-04:00,18.21,8,18.22,441,16.61,797,16.62,1874
2021-09-29 09:36:27.358426-04:00,18.21,8,18.22,441,16.61,797,16.62,1874
2021-09-29 09:36:27.358426-04:00,18.21,40,18.22,399,16.61,797,16.62,1874
2021-09-29 09:36:27.358426-04:00,18.21,40,18.22,399,16.61,1193,16.62,1610
2021-09-29 09:36:27.358426-04:00,18.21,40,18.22,399,16.61,1193,16.62,1610
2021-09-29 09:36:38.376965-04:00,18.21,40,18.22,399,16.61,1193,16.62,1610
2021-09-29 09:36:38.376965-04:00,18.22,437,18.23,417,16.61,1193,16.62,1610
2021-09-29 09:36:38.376965-04:00,18.22,437,18.23,417,16.62,67,16.62,132
2021-09-29 09:36:51.574681-04:00,18.22,437,18.23,417,16.62,67,16.62,132
2021-09-29 09:36:51.574681-04:00,18.23,34,18.24,421,16.62,67,16.62,132
2021-09-29 09:36:51.574681-04:00,18.23,34,18.24,421,16.62,67,16.62,132
2021-09-29 09:36:51.574681-04:00,18.23,34,18.24,421,16.62,1208,16.63,673
2021-09-29 09:36:51.574681-04:00,18.23,34,18.24,421,16.62,1208,16.63,673
2021-09-29 09:36:58.446309-04:00,18.23,34,18.24,421,16.62,1208,16.63,673
2021-09-29 09:36:58.446309-04:00,18.23,34,18.24,421,16.62,1208,16.63,673
2021-09-29 09:36:58.446309-04:00,18.23,34,18.24,421,16.62,1340,16.63,446
2021-09-29 09:36:58.446309-04:00,18.23,34,18.24,421,16.62,1340,16.63,446
2021-09-29 09:37:05.039681-04:00,18.23,34,18.24,421,16.62,1340,16.63,446
2021-09-29 09:37:05.039681-04:00,18.23,1380,18.25,178,16.62,1340,16.63,446
2021-09-29 09:37:05.039681-04:00,18.23,1380,18.25,178,16.63,467,16.64,1242
2021-09-29 09:37:05.039681-04:00,18.23,1380,18.25,178,16.63,467,16.64,1242
2021-09-29 09:37:05.039681-04:00,18.23,1380,18.25,178,16.63,467,16.64,1242
2021-09-29 09:37:18.455813-04:00,18.23,1380,18.25,178,16.63,467,16.64,1242
2021-09-29 09:37:18.455813-04:00,18.23,1380,18.25,178,16.63,467,16.64,1242
2021-09-29 09:37:18.455813-04:00,18.24,1209,18.25,180,16.63,467,16.64,1242
2021-09-29 09:37:18.455813-04:00,18.24,1209,18.25,180,16.63,467,16.64,1242
2021-09-29 09:37:18.455813-04:00,18.24,1209,18.25,180,16.63,467,16.64,1242
2021-09-29 09:37:18.455813-04:00,18.23,8,18.24,463,16.63,467,16.64,1242
2021-09-29 09:37:18.455813-04:00,18.23,8,18.24,463,16.62,459,16.63,1603
2021-09-29 09:37:18.455813-04:00,18.23,8,18.24,463,16.62,459,16.63,1603
2021-09-29 09:37:28.362325-04:00,18.23,8,18.24,463,16.62,459,16.63,1603
2021-09-29 09:37:28.362325-04:00,18.23,35,18.24,536,16.62,459,16.63,1603
2021-09-29 09:37:28.362325-04:00,18.23,35,18.24,536,16.62,459,16.63,1603
2021-09-29 09:37:28.362325-04:00,18.23,35,18.24,536,16.62,459,16.63,1867
2021-09-29 09:37:31.855985-04:00,18.23,35,18.24,536,16.62,459,16.63,1867
2021-09-29 09:37:31.855985-04:00,18.23,35,18.24,476,16.62,459,16.63,1867
2021-09-29 09:37:31.855985-04:00,18.23,35,18.24,476,16.62,459,16.63,1603
2021-09-29 09:37:41.381517-04:00,18.23,35,18.24,476,16.62,459,16.63,1603
2021-09-29 09:37:41.381517-04:00,18.23,35,18.24,476,16.62,1370,16.63,1954
2021-09-29 09:37:41.381517-04:00,18.23,35,18.24,476,16.62,1370,16.63,1954
2021-09-29 09:37:58.613453-04:00,18.23,14,18.24,708,16.62,1370,16.63,1954
2021-09-29 09:37:58.613453-04:00,18.23,14,18.24,708,16.62,1370,16.63,1954
2021-09-29 09:38:07.329149-04:00,18.23,14,18.24,708,16.62,1370,16.63,1954
2021-09-29 09:38:07.329149-04:00,18.23,2,18.23,68,16.62,1370,16.63,1954
2021-09-29 09:38:07.329149-04:00,18.23,2,18.23,68,16.62,594,16.63,1954
2021-09-29 09:38:07.329149-04:00,18.23,2,18.23,68,16.62,594,16.63,1954
2021-09-29 09:38:07.329149-04:00,18.23,2,18.23,68,16.62,594,16.63,1954
2021-09-29 09:38:07.329149-04:00,18.23,2,18.23,68,16.62,594,16.63,1954
2021-09-29 09:38:07.329149-04:00,18.23,2,18.23,68,16.62,1201,16.63,2105
2021-09-29 09:38:16.344042-04:00,18.23,2,18.23,68,16.62,1201,16.63,2105
2021-09-29 09:38:16.344042-04:00,18.23,14,18.24,782,16.62,1201,16.63,2105
2021-09-29 09:38:16.344042-04:00,18.23,2,18.24,739,16.62,1201,16.63,2105
2021-09-29 09:38:16.344042-04:00,18.23,2,18.24,739,16.62,1201,16.63,2105
2021-09-29 09:38:16.344042-04:00,18.23,2,18.24,739,16.62,1201,16.63,2105
2021-09-29 09:38:16.344042-04:00,18.23,2,18.24,739,16.62,388,16.63,1954
2021-09-29 09:38:28.405793-04:00,18.23,2,18.24,739,16.62,388,16.63,1954
2021-09-29 09:38:28.405793-04:00,18.23,2,18.24,739,16.62,388,16.63,1954
2021-09-29 09:38:28.405793-04:00,18.23,2,18.23,76,16.62,388,16.63,1954
2021-09-29 09:38:28.405793-04:00,18.23,2,18.23,76,16.62,388,16.63,1954
2021-09-29 09:38:28.405793-04:00,18.23,2,18.23,76,16.62,388,16.63,1954
2021-09-29 09:38:38.910707-04:00,18.23,2,18.23,76,16.62,60,16.63,2267
2021-09-29 09:38:38.910707-04:00,18.23,2,18.23,76,16.61,1249,16.62,453
2021-09-29 09:38:38.910707-04:00,18.23,2,18.23,44,16.61,1249,16.62,453
2021-09-29 09:38:38.910707-04:00,18.23,2,18.23,44,16.61,1249,16.62,453
2021-09-29 09:38:38.910707-04:00,18.23,2,18.23,44,16.61,1249,16.62,453
2021-09-29 09:38:57.270620-04:00,18.23,2,18.23,44,16.61,1249,16.62,453
2021-09-29 09:38:57.270620-04:00,18.23,72,18.24,498,16.61,1249,16.62,453
2021-09-29 09:38:57.270620-04:00,18.23,72,18.24,498,16.61,1249,16.62,453
2021-09-29 09:38:57.270620-04:00,18.23,72,18.24,498,16.62,1549,16.63,1913
2021-09-29 09:39:00.275586-04:00,18.23,72,18.24,498,16.62,1549,16.63,1913
2021-09-29 09:39:00.275586-04:00,18.23,72,18.24,498,16.62,1549,16.63,1913
2021-09-29 09:39:00.275586-04:00,18.22,60,18.23,361,16.62,1549,16.63,1913
2021-09-29 09:39:00.275586-04:00,18.22,60,18.23,361,16.62,49,16.62,189
2021-09-29 09:39:15.298422-04:00,18.22,60,18.23,361,16.62,49,16.62,189
2021-09-29 09:39:15.298422-04:00,18.22,445,18.23,280,16.62,49,16.62,189
2021-09-29 09:39:15.298422-04:00,18.22,445,18.23,280,16.62,49,16.62,189
2021-09-29 09:39:15.298422-04:00,18.22,445,18.23,280,16.62,49,16.62,189
2021-09-29 09:39:15.298422-04:00,18.22,445,18.23,280,16.62,49,16.62,189
2021-09-29 09:39:15.298422-04:00,18.22,445,18.23,280,16.62,755,16.63,1922
2021-09-29 09:39:15.298422-04:00,18.22,445,18.23,280,16.62,755,16.63,1922
2021-09-29 09:39:15.298422-04:00,18.22,445,18.23,645,16.62,755,16.63,1922
2021-09-29 09:39:15.298422-04:00,18.22,445,18.23,645,16.62,755,16.63,1922
2021-09-29 09:39:15.298422-04:00,18.22,445,18.23,645,16.62,804,16.63,1934
2021-09-29 09:39:27.317288-04:00,18.22,445,18.23,645,16.62,804,16.63,1934
2021-09-29 09:39:27.317288-04:00,18.23,2,18.24,717,16.62,804,16.63,1934
2021-09-29 09:39:27.317288-04:00,18.23,2,18.24,717,16.62,804,16.63,1934
2021-09-29 09:39:27.317288-04:00,18.23,2,18.24,717,16.62,804,16.63,1934
2021-09-29 09:39:37.334507-04:00,18.23,2,18.24,717,16.62,804,16.63,1934
2021-09-29 09:39:37.334507-04:00,18.23,2,18.24,717,16.62,1468,16.63,2061
2021-09-29 09:39:37.334507-04:00,18.23,2,18.24,717,16.62,1468,16.63,2061
2021-09-29 09:39:37.334507-04:00,18.23,2,18.24,717,16.62,1468,16.63,2061
2021-09-29 09:39:37.334507-04:00,18.22,443,18.23,269,16.62,1468,16.63,2061
2021-09-29 09:39:47.350725-04:00,18.22,443,18.23,269,16.62,1468,16.63,2061
2021-09-29 09:39:47.350725-04:00,18.22,443,18.23,269,16.62,643,16.63,1910
2021-09-29 09:39:47.350725-04:00,18.22,443,18.23,269,16.62,643,16.63,1910
2021-09-29 09:39:47.350725-04:00,18.22,443,18.23,635,16.62,643,16.63,1910
2021-09-29 09:39:47.350725-04:00,18.22,443,18.23,635,16.62,630,16.63,1958
2021-09-29 09:39:47.350725-04:00,18.22,443,18.23,635,16.62,630,16.63,1958
2021-09-29 09:40:03.373886-04:00,18.22,443,18.23,102,16.62,637,16.63,1910
2021-09-29 09:40:03.373886-04:00,18.22,443,18.23,102,16.62,637,16.63,1910
2021-09-29 09:40:05.377529-04:00,18.22,443,18.23,102,16.62,637,16.63,1910
2021-09-29 09:40:05.377529-04:00,18.22,443,18.23,102,16.62,637,16.63,1910
2021-09-29 09:40:05.377529-04:00,18.22,443,18.23,102,16.62,637,16.63,1910
2021-09-29 09:40:05.377529-04:00,18.22,443,18.23,102,16.62,637,16.63,1910
2021-09-29 09:40:05.377529-04:00,18.22,443,18.23,252,16.62,637,16.63,1910
2021-09-29 09:40:05.377529-04:00,18.22,443,18.23,252,16.62,803,16.63,1910
2021-09-29 09:40:14.391429-04:00,18.22,443,18.23,252,16.62,803,16.63,1910
2021-09-29 09:40:28.453833-04:00,18.22,443,18.23,252,16.62,803,16.63,1910
2021-09-29 09:40:28.453833-04:00,18.22,443,18.23,252,16.62,812,16.63,1090
2021-09-29 09:40:28.453833-04:00,18.22,443,18.23,252,16.62,812,16.63,1090
2021-09-29 09:40:28.453833-04:00,18.22,1541,18.24,328,16.62,812,16.63,1090
2021-09-29 09:40:28.453833-04:00,18.22,1541,18.24,328,16.62,812,16.63,1090
2021-09-29 09:40:28.453833-04:00,18.22,1541,18.24,328,16.62,812,16.63,1090
2021-09-29 09:40:28.453833-04:00,18.22,1541,18.24,328,16.62,812,16.63,1090
2021-09-29 09:40:28.453833-04:00,18.22,1541,18.24,328,16.62,812,16.63,1090
2021-09-29 09:40:28.453833-04:00,18.22,1541,18.24,328,16.62,1579,16.63,1298
2021-09-29 09:40:39.816454-04:00,18.22,1541,18.24,328,16.62,1579,16.63,1298
2021-09-29 09:40:39.816454-04:00,18.23,1248,18.24,60,16.62,1579,16.63,1298
2021-09-29 09:40:39.816454-04:00,18.23,1248,18.24,60,16.62,1579,16.63,1298
2021-09-29 09:40:39.816454-04:00,18.23,1248,18.24,60,16.62,1579,16.63,1361
2021-09-29 09:40:58.504490-04:00,18.23,1268,18.25,750,16.62,1627,16.63,1044
2021-09-29 09:40:58.504490-04:00,18.23,1268,18.25,750,16.62,1627,16.63,1044
2021-09-29 09:41:06.655793-04:00,18.23,1268,18.25,750,16.62,1627,16.63,1044
2021-09-29 09:41:06.655793-04:00,18.23,1268,18.25,750,16.62,682,16.63,848
2021-09-29 09:41:06.655793-04:00,18.23,1268,18.25,750,16.62,682,16.63,848
2021-09-29 09:41:06.655793-04:00,18.23,1268,18.25,750,16.62,682,16.63,848
2021-09-29 09:41:06.655793-04:00,18.23,1268,18.25,750,16.62,682,16.63,848
2021-09-29 09:41:06.655793-04:00,18.23,74,18.24,361,16.62,682,16.63,848
2021-09-29 09:41:06.655793-04:00,18.23,74,18.24,361,16.62,682,16.63,848
2021-09-29 09:41:20.142638-04:00,18.23,6,18.24,773,16.62,843,16.63,1911
2021-09-29 09:41:28.264920-04:00,18.23,6,18.24,773,16.62,843,16.63,1911
2021-09-29 09:41:28.264920-04:00,18.23,6,18.24,773,16.62,843,16.63,1911
2021-09-29 09:41:28.264920-04:00,18.23,6,18.24,773,16.62,843,16.63,1911
2021-09-29 09:41:36.279495-04:00,18.23,6,18.24,773,16.62,843,16.63,1911
2021-09-29 09:41:36.279495-04:00,18.23,6,18.24,773,16.62,843,16.63,1911
2021-09-29 09:41:36.279495-04:00,18.23,6,18.24,773,16.62,190,16.63,1941
2021-09-29 09:41:36.279495-04:00,18.23,6,18.24,773,16.62,190,16.63,1941
2021-09-29 09:41:36.279495-04:00,18.21,1076,18.23,656,16.62,190,16.63,1941
2021-09-29 09:41:36.279495-04:00,18.21,1076,18.23,656,16.62,190,16.63,1941
2021-09-29 09:41:36.279495-04:00,18.21,1076,18.23,656,16.62,190,16.63,1941
2021-09-29 09:41:36.279495-04:00,18.21,1076,18.23,656,16.61,1502,16.62,404
2021-09-29 09:41:48.339252-04:00,18.21,1076,18.23,656,16.61,1502,16.62,404
2021-09-29 09:41:48.339252-04:00,18.21,1071,18.23,672,16.61,1502,16.62,404
2021-09-29 09:41:48.339252-04:00,18.21,1071,18.23,672,16.61,1502,16.62,404
2021-09-29 09:41:48.339252-04:00,18.21,1071,18.23,672,16.61,1502,16.62,404
2021-09-29 09:41:48.339252-04:00,18.21,1071,18.23,672,16.62,1018,16.63,1789
2021-09-29 09:42:00.402015-04:00,18.21,1071,18.23,672,16.62,1018,16.63,1789
2021-09-29 09:42:00.402015-04:00,18.22,574,18.23,384,16.62,1018,16.63,1789
2021-09-29 09:42:00.402015-04:00,18.22,574,18.23,384,16.62,1018,16.63,1789
2021-09-29 09:42:08.372692-04:00,18.22,574,18.23,384,16.62,1018,16.63,1789
2021-09-29 09:42:08.372692-04:00,18.22,574,18.23,384,16.62,1032,16.63,1813
2021-09-29 09:42:08.372692-04:00,18.22,331,18.23,283,16.62,1032,16.63,1813
2021-09-29 09:42:08.372692-04:00,18.22,331,18.23,283,16.62,1032,16.63,1813
2021-09-29 09:42:08.372692-04:00,18.22,331,18.23,283,16.62,1032,16.63,1813
2021-09-29 09:42:08.372692-04:00,18.22,331,18.23,283,16.62,1032,16.63,1813
2021-09-29 09:42:08.372692-04:00,18.22,331,18.23,283,16.62,1032,16.63,1813
2021-09-29 09:42:08.372692-04:00,18.22,331,18.23,283,16.62,1032,16.63,1813
2021-09-29 09:42:16.347369-04:00,18.22,331,18.23,283,16.62,1032,16.63,1813
2021-09-29 09:42:16.347369-04:00,18.22,1,18.23,203,16.62,332,16.63,1714
2021-09-29 09:42:16.347369-04:00,18.22,1,18.23,203,16.62,332,16.63,1726
2021-09-29 09:42:16.347369-04:00,18.22,6,18.23,203,16.62,332,16.63,1726
2021-09-29 09:42:16.347369-04:00,18.22,6,18.23,203,16.62,332,16.63,1726
2021-09-29 09:42:16.347369-04:00,18.22,6,18.23,203,16.62,332,16.63,1726
2021-09-29 09:42:16.347369-04:00,18.22,6,18.23,203,16.62,332,16.63,1726
2021-09-29 09:42:16.347369-04:00,18.22,186,18.23,203,16.62,527,16.63,1794
2021-09-29 09:42:16.347369-04:00,18.22,186,18.23,203,16.62,527,16.63,1794
2021-09-29 09:42:40.703250-04:00,18.22,186,18.23,203,16.62,527,16.63,1794
2021-09-29 09:42:40.703250-04:00,18.22,6,18.23,524,16.62,527,16.63,1794
2021-09-29 09:42:40.703250-04:00,18.22,6,18.23,524,16.62,217,16.63,1794
2021-09-29 09:42:40.703250-04:00,18.22,6,18.23,524,16.62,217,16.63,1794
2021-09-29 09:42:40.703250-04:00,18.22,6,18.23,524,16.62,217,16.63,1794
2021-09-29 09:42:40.703250-04:00,18.22,6,18.23,524,16.62,217,16.63,1794
2021-09-29 09:42:40.703250-04:00,18.22,6,18.23,524,16.62,217,16.63,1794
2021-09-29 09:42:40.703250-04:00,18.22,6,18.23,524,16.62,51,16.63,1794
2021-09-29 09:42:40.703250-04:00,18.22,5,18.23,524,16.62,51,16.63,1794
2021-09-29 09:43:07.737191-04:00,18.22,5,18.23,524,16.62,51,16.63,1794
2021-09-29 09:43:07.737191-04:00,18.22,5,18.23,524,16.62,51,16.63,1794
2021-09-29 09:43:07.737191-04:00,18.22,5,18.23,524,16.62,1149,16.63,1755
2021-09-29 09:43:07.737191-04:00,18.22,654,18.23,97,16.62,1149,16.63,1755
2021-09-29 09:43:11.433373-04:00,18.22,654,18.23,97,16.62,1149,16.63,1755
2021-09-29 09:43:11.433373-04:00,18.22,654,18.23,97,16.62,1149,16.63,1755
2021-09-29 09:43:11.433373-04:00,18.22,654,18.23,97,16.62,1149,16.63,1755
2021-09-29 09:43:11.433373-04:00,18.22,654,18.23,97,16.62,1149,16.63,1755
2021-09-29 09:43:11.433373-04:00,18.22,654,18.23,97,16.62,1149,16.63,1755
2021-09-29 09:43:11.433373-04:00,18.22,654,18.23,97,16.62,1747,16.63,1668
2021-09-29 09:43:11.433373-04:00,18.23,226,18.24,630,16.62,1747,16.63,1668
2021-09-29 09:43:11.433373-04:00,18.23,226,18.24,639,16.62,1747,16.63,1668
2021-09-29 09:43:11.433373-04:00,18.23,226,18.24,639,16.62,1592,16.63,1534
2021-09-29 09:43:27.463150-04:00,18.23,226,18.24,639,16.62,1592,16.63,1534
2021-09-29 09:43:27.463150-04:00,18.23,226,18.24,639,16.62,1592,16.63,1534
2021-09-29 09:43:27.463150-04:00,18.23,226,18.24,639,16.62,1592,16.63,1534
2021-09-29 09:43:27.463150-04:00,18.23,226,18.24,639,16.62,1592,16.63,1700
2021-09-29 09:43:38.222677-04:00,18.23,226,18.24,639,16.62,1592,16.63,1700
2021-09-29 09:43:38.222677-04:00,18.23,226,18.24,639,16.62,1592,16.63,1700
2021-09-29 09:43:38.222677-04:00,18.23,76,18.24,714,16.62,1592,16.63,1700
2021-09-29 09:43:38.222677-04:00,18.23,76,18.24,714,16.62,1592,16.63,1700
2021-09-29 09:43:38.222677-04:00,18.23,76,18.24,714,16.62,1592,16.63,1700
2021-09-29 09:43:38.222677-04:00,18.23,76,18.24,714,16.62,1592,16.63,1700
2021-09-29 09:43:38.222677-04:00,18.23,75,18.24,714,16.62,1592,16.63,1700
2021-09-29 09:43:48.089511-04:00,18.23,75,18.24,714,16.62,1592,16.63,1700
2021-09-29 09:43:48.089511-04:00,18.23,75,18.24,714,16.62,1592,16.63,1700
2021-09-29 09:43:48.089511-04:00,18.23,75,18.24,714,16.62,1592,16.63,1700
2021-09-29 09:43:48.089511-04:00,18.23,75,18.24,639,16.62,1592,16.63,1700
2021-09-29 09:44:02.255671-04:00,18.23,75,18.24,639,16.62,1592,16.63,1700
2021-09-29 09:44:02.255671-04:00,18.23,75,18.24,639,16.62,1592,16.63,1700
2021-09-29 09:44:02.255671-04:00,18.23,74,18.24,639,16.62,1592,16.63,1700
2021-09-29 09:44:02.255671-04:00,18.23,74,18.24,639,16.62,1592,16.63,1700
2021-09-29 09:44:02.255671-04:00,18.23,74,18.24,639,16.62,1592,16.63,1700
2021-09-29 09:44:02.255671-04:00,18.23,74,18.24,639,16.62,1592,16.63,1700
2021-09-29 09:44:15.039645-04:00,18.23,74,18.24,639,16.62,166,16.63,1857
2021-09-29 09:44:15.039645-04:00,18.22,5,18.23,697,16.62,166,16.63,1857
2021-09-29 09:44:15.039645-04:00,18.22,5,18.23,697,16.61,1472,16.62,1096
2021-09-29 09:44:28.538839-04:00,18.22,5,18.23,697,16.61,1472,16.62,1096
2021-09-29 09:44:28.538839-04:00,18.22,5,18.23,912,16.61,1472,16.62,1096
2021-09-29 09:44:28.538839-04:00,18.22,5,18.23,912,16.61,1472,16.62,1096
2021-09-29 09:44:28.538839-04:00,18.22,24,18.23,687,16.61,1472,16.62,1096
2021-09-29 09:44:28.538839-04:00,18.22,24,18.23,687,16.61,1472,16.62,231
2021-09-29 09:44:38.361802-04:00,18.22,24,18.23,687,16.61,1472,16.62,231
2021-09-29 09:44:42.328285-04:00,18.22,24,18.23,687,16.61,1472,16.62,231
2021-09-29 09:44:42.328285-04:00,18.22,24,18.23,687,16.61,1472,16.62,231
2021-09-29 09:44:42.328285-04:00,18.22,42,18.23,694,16.61,1472,16.62,231
2021-09-29 09:44:42.328285-04:00,18.22,42,18.23,694,16.61,1472,16.62,231
2021-09-29 09:44:42.328285-04:00,18.22,42,18.23,694,16.61,1472,16.62,231
2021-09-29 09:44:42.328285-04:00,18.22,42,18.23,694,16.61,1472,16.62,391
2021-09-29 09:44:42.328285-04:00,18.22,42,18.23,694,16.61,1472,16.62,391
2021-09-29 09:44:58.401911-04:00,18.22,42,18.23,694,16.61,1539,16.62,987
2021-09-29 09:44:58.402900-04:00,18.22,42,18.23,694,16.61,1539,16.62,987
2021-09-29 09:44:58.402900-04:00,18.22,42,18.23,694,16.61,1539,16.62,987
2021-09-29 09:44:58.402900-04:00,18.22,42,18.23,694,16.61,1539,16.62,987
2021-09-29 09:44:58.402900-04:00,18.21,584,18.23,563,16.61,1539,16.62,987
2021-09-29 09:45:08.886280-04:00,18.21,584,18.23,563,16.61,1539,16.62,987
2021-09-29 09:45:08.913869-04:00,18.21,584,18.23,563,16.61,1539,16.62,987
2021-09-29 09:45:08.913869-04:00,18.21,584,18.23,563,16.62,2022,16.63,2047
2021-09-29 09:45:08.913869-04:00,18.21,584,18.23,563,16.62,2022,16.63,2047
2021-09-29 09:45:08.913869-04:00,18.21,584,18.23,563,16.62,2022,16.63,2047
2021-09-29 09:45:08.913869-04:00,18.24,62,18.25,878,16.62,2022,16.63,2047
2021-09-29 09:45:18.439713-04:00,18.24,62,18.25,878,16.62,2022,16.63,2047
2021-09-29 09:45:18.439713-04:00,18.24,62,18.25,878,16.61,2557,16.62,2145
2021-09-29 09:45:18.439713-04:00,18.24,62,18.25,878,16.61,2557,16.62,2145
2021-09-29 09:45:18.439713-04:00,18.24,62,18.25,878,16.61,2557,16.62,2145
2021-09-29 09:45:18.439713-04:00,18.21,173,18.22,807,16.61,2557,16.62,2145
2021-09-29 09:45:18.439713-04:00,18.21,173,18.22,807,16.61,2557,16.62,2145
2021-09-29 09:45:18.439713-04:00,18.21,173,18.22,807,16.61,2557,16.62,2145
2021-09-29 09:45:27.408481-04:00,18.21,173,18.22,807,16.61,2557,16.62,2145
2021-09-29 09:45:27.408481-04:00,18.21,173,18.22,807,16.61,2557,16.62,2145
2021-09-29 09:45:27.408481-04:00,18.21,173,18.22,807,16.61,2344,16.62,2703
2021-09-29 09:45:27.408481-04:00,18.21,85,18.22,1280,16.61,2344,16.62,2703
2021-09-29 09:45:35.746408-04:00,18.21,85,18.22,1280,16.61,2344,16.62,2703
2021-09-29 09:45:35.746408-04:00,18.21,85,18.22,1280,16.61,2344,16.62,2703
2021-09-29 09:45:35.746408-04:00,18.21,85,18.22,1280,16.61,2964,16.62,1796
2021-09-29 09:45:38.480638-04:00,18.21,85,18.22,1280,16.61,2964,16.62,1796
2021-09-29 09:45:38.480638-04:00,18.21,85,18.22,1280,16.61,2964,16.62,1796
2021-09-29 09:45:38.480638-04:00,18.21,85,18.22,1280,16.61,2964,16.62,1796
2021-09-29 09:45:38.480638-04:00,18.21,1037,18.22,377,16.61,2964,16.62,1796
2021-09-29 09:45:38.480638-04:00,18.21,1037,18.22,377,16.61,2964,16.62,1796
2021-09-29 09:45:49.256030-04:00,18.21,1037,18.22,377,16.61,2916,16.62,2473
2021-09-29 09:45:49.256030-04:00,18.21,1037,18.22,377,16.61,2916,16.62,2473
2021-09-29 09:45:49.256030-04:00,18.21,1327,18.22,359,16.61,2916,16.62,2473
2021-09-29 09:45:49.256030-04:00,18.21,1327,18.22,359,16.61,2916,16.62,2473
2021-09-29 09:45:58.461758-04:00,18.21,1327,18.22,359,16.61,2916,16.62,2473
2021-09-29 09:45:58.461758-04:00,18.21,1327,18.22,359,16.61,2177,16.62,2381
2021-09-29 09:45:58.461758-04:00,18.21,1327,18.22,359,16.61,2177,16.62,2381
2021-09-29 09:45:58.461758-04:00,18.21,1327,18.22,359,16.61,2177,16.62,2381
2021-09-29 09:45:58.461758-04:00,18.21,403,18.22,1157,16.61,2177,16.62,2381
2021-09-29 09:45:58.461758-04:00,18.21,403,18.22,1157,16.61,2177,16.62,2381
2021-09-29 09:45:58.461758-04:00,18.21,403,18.22,1157,16.61,2877,16.62,2512
2021-09-29 09:46:07.440385-04:00,18.21,403,18.22,1157,16.61,2877,16.62,2512
2021-09-29 09:46:07.440385-04:00,18.21,403,18.22,1157,16.61,2877,16.62,2512
2021-09-29 09:46:07.440385-04:00,18.21,470,18.22,1299,16.61,2877,16.62,2512
2021-09-29 09:46:07.440385-04:00,18.21,470,18.22,1299,16.61,2877,16.62,2512
2021-09-29 09:46:07.440385-04:00,18.21,470,18.22,1299,16.61,2877,16.62,2512
2021-09-29 09:46:07.440385-04:00,18.21,470,18.22,1299,16.61,2333,16.62,2522
2021-09-29 09:46:18.492994-04:00,18.21,189,18.22,1338,16.61,2333,16.62,2522
2021-09-29 09:46:29.425765-04:00,18.21,189,18.22,1338,16.6,418,16.61,3151
2021-09-29 09:46:29.425765-04:00,18.21,189,18.22,1338,16.6,418,16.61,3151
2021-09-29 09:46:29.425765-04:00,18.21,189,18.22,1338,16.6,418,16.61,3151
2021-09-29 09:46:29.425765-04:00,18.19,121,18.2,1827,16.6,418,16.61,3151
2021-09-29 09:46:29.425765-04:00,18.19,121,18.2,1827,16.6,2644,16.61,2836
2021-09-29 09:46:38.528428-04:00,18.19,121,18.2,1827,16.6,2644,16.61,2836
2021-09-29 09:46:38.528428-04:00,18.19,121,18.2,1827,16.6,2644,16.61,2836
2021-09-29 09:46:38.528428-04:00,18.19,121,18.2,1827,16.6,2644,16.61,2836
2021-09-29 09:46:38.528428-04:00,18.19,1269,18.2,1343,16.6,2644,16.61,2836
2021-09-29 09:46:44.249131-04:00,18.19,1269,18.2,1343,16.6,2644,16.61,2836
2021-09-29 09:46:44.249131-04:00,18.19,1269,18.2,1343,16.6,2644,16.61,2836
2021-09-29 09:46:44.249131-04:00,18.19,1269,18.2,1343,16.6,2644,16.61,2836
2021-09-29 09:46:44.249131-04:00,18.19,1269,18.2,1343,16.6,2147,16.61,3485
2021-09-29 09:46:47.256091-04:00,18.19,1269,18.2,1343,16.6,2147,16.61,3485
2021-09-29 09:46:47.256091-04:00,18.18,1248,18.19,692,16.6,2147,16.61,3485
2021-09-29 09:46:47.256091-04:00,18.18,1248,18.19,692,16.6,2147,16.61,3485
2021-09-29 09:46:47.256091-04:00,18.18,1248,18.19,692,16.6,2147,16.61,3485
2021-09-29 09:46:56.286950-04:00,18.18,1248,18.19,692,16.6,2147,16.61,3485
2021-09-29 09:46:56.286950-04:00,18.18,1248,18.19,692,16.6,2147,16.61,3485
2021-09-29 09:46:56.286950-04:00,18.18,1248,18.19,692,16.6,2349,16.61,2809
2021-09-29 09:46:56.286950-04:00,18.18,1248,18.19,692,16.6,2349,16.61,2809
2021-09-29 09:46:56.286950-04:00,18.19,566,18.2,1494,16.6,2349,16.61,2809
2021-09-29 09:46:56.286950-04:00,18.19,566,18.2,1494,16.6,2349,16.61,2809
2021-09-29 09:46:56.286950-04:00,18.19,566,18.2,1494,16.6,2349,16.61,2809
2021-09-29 09:46:56.286950-04:00,18.19,566,18.2,1494,16.6,2349,16.61,2809
2021-09-29 09:46:56.286950-04:00,18.19,566,18.2,1494,16.6,3526,16.61,21
2021-09-29 09:47:09.677146-04:00,18.19,566,18.2,1494,16.6,3526,16.61,21
2021-09-29 09:47:09.677146-04:00,18.2,726,18.21,872,16.6,3526,16.61,21
2021-09-29 09:47:14.306768-04:00,18.2,726,18.21,872,16.6,3526,16.61,21
2021-09-29 09:47:15.308094-04:00,18.2,726,18.21,872,16.6,3526,16.61,21
2021-09-29 09:47:15.308094-04:00,18.2,726,18.21,872,16.6,3005,16.61,1690
2021-09-29 09:47:15.308094-04:00,18.2,726,18.21,872,16.6,3005,16.61,1690
2021-09-29 09:47:15.308094-04:00,18.2,363,18.21,1361,16.6,3005,16.61,1690
2021-09-29 09:47:15.308094-04:00,18.2,363,18.21,1361,16.6,3458,16.61,51
2021-09-29 09:47:28.331272-04:00,18.2,363,18.21,1361,16.6,3458,16.61,51
2021-09-29 09:47:28.331272-04:00,18.2,809,18.21,780,16.6,3458,16.61,51
2021-09-29 09:47:28.331272-04:00,18.2,809,18.21,780,16.6,3458,16.61,51
2021-09-29 09:47:28.331272-04:00,18.2,809,18.21,780,16.6,3458,16.61,51
2021-09-29 09:47:28.331272-04:00,18.2,809,18.21,780,16.61,2764,16.62,3332
2021-09-29 09:47:38.389382-04:00,18.2,809,18.21,780,16.61,2764,16.62,3332
2021-09-29 09:47:38.389382-04:00,18.2,809,18.21,780,16.61,2764,16.62,3332
2021-09-29 09:47:38.389382-04:00,18.21,600,18.22,1323,16.61,2764,16.62,3332
2021-09-29 09:47:46.363062-04:00,18.21,600,18.22,1323,16.61,2764,16.62,3332
2021-09-29 09:47:46.363062-04:00,18.21,600,18.22,1323,16.61,2764,16.62,3332
2021-09-29 09:47:49.832786-04:00,18.21,600,18.22,1323,16.61,3755,16.62,1995
2021-09-29 09:47:49.836776-04:00,18.21,600,18.22,1323,16.61,3755,16.62,1995
2021-09-29 09:47:49.836776-04:00,18.21,600,18.22,1323,16.61,3755,16.62,1995
2021-09-29 09:47:49.836776-04:00,18.22,487,18.23,1365,16.61,3755,16.62,1995
2021-09-29 09:47:56.381278-04:00,18.22,487,18.23,1365,16.61,3755,16.62,1995
2021-09-29 09:47:56.381278-04:00,18.22,487,18.23,1365,16.61,3755,16.62,1995
2021-09-29 09:47:56.381278-04:00,18.22,487,18.23,1365,16.61,3755,16.62,1995
2021-09-29 09:47:57.381602-04:00,18.22,487,18.23,1365,16.61,3197,16.62,2904
2021-09-29 09:47:57.381602-04:00,18.22,487,18.23,1365,16.61,3197,16.62,2904
2021-09-29 09:47:57.381602-04:00,18.21,596,18.22,1388,16.61,3197,16.62,2904
2021-09-29 09:47:57.381602-04:00,18.21,596,18.22,1388,16.61,3197,16.62,2904
2021-09-29 09:48:05.398186-04:00,18.21,596,18.22,1388,16.61,3093,16.62,3172
2021-09-29 09:48:08.441034-04:00,18.21,596,18.22,1388,16.61,3093,16.62,3172
2021-09-29 09:48:08.441034-04:00,18.21,596,18.22,1388,16.61,3093,16.62,3172
2021-09-29 09:48:08.441034-04:00,18.21,238,18.22,1722,16.61,3093,16.62,3172
2021-09-29 09:48:08.441034-04:00,18.21,238,18.22,1722,16.61,3093,16.62,3172
2021-09-29 09:48:17.419031-04:00,18.21,238,18.22,1722,16.61,3093,16.62,3172
2021-09-29 09:48:17.419031-04:00,18.21,238,18.22,1722,16.61,3095,16.62,2986
2021-09-29 09:48:17.419031-04:00,18.21,238,18.22,1722,16.61,3095,16.62,2986
2021-09-29 09:48:17.419031-04:00,18.21,238,18.22,1722,16.61,3095,16.62,2986
2021-09-29 09:48:17.419031-04:00,18.21,323,18.22,1460,16.61,3095,16.62,2986
2021-09-29 09:48:17.419031-04:00,18.21,323,18.22,1460,16.61,3095,16.62,2986
2021-09-29 09:48:17.419031-04:00,18.21,323,18.22,1460,16.61,3095,16.62,2986
2021-09-29 09:48:30.132593-04:00,18.21,323,18.22,1460,16.61,3095,16.62,2986
2021-09-29 09:48:30.132593-04:00,18.21,323,18.22,1460,16.61,3095,16.62,2986
2021-09-29 09:48:30.132593-04:00,18.21,323,18.22,1460,16.61,2982,16.62,3235
2021-09-29 09:48:30.132593-04:00,18.21,175,18.22,2057,16.61,2982,16.62,3235
2021-09-29 09:48:30.132593-04:00,18.21,175,18.22,2057,16.61,2982,16.62,3235
2021-09-29 09:48:30.132593-04:00,18.21,175,18.22,2057,16.61,2982,16.62,3235
2021-09-29 09:48:30.132593-04:00,18.21,175,18.22,2057,16.61,2982,16.62,3235
2021-09-29 09:48:30.132593-04:00,18.21,175,18.22,2057,16.61,246,16.62,3521
2021-09-29 09:48:30.132593-04:00,18.2,1208,18.21,899,16.61,246,16.62,3521
2021-09-29 09:48:38.495234-04:00,18.2,1208,18.21,899,16.61,246,16.62,3521
2021-09-29 09:48:38.495234-04:00,18.2,1208,18.21,899,16.61,246,16.62,3521
2021-09-29 09:48:38.495234-04:00,18.2,1208,18.21,899,16.61,246,16.62,3521
2021-09-29 09:48:47.220905-04:00,18.19,1333,18.2,286,16.61,246,16.62,3521
2021-09-29 09:48:48.517441-04:00,18.19,1333,18.2,286,16.61,22,16.62,5160
2021-09-29 09:48:48.517441-04:00,18.19,1333,18.2,286,16.61,22,16.62,5160
2021-09-29 09:48:48.517441-04:00,18.2,311,18.21,2081,16.61,22,16.62,5160
2021-09-29 09:48:58.529673-04:00,18.2,311,18.21,2081,16.61,2056,16.62,3707
2021-09-29 09:48:58.529673-04:00,18.2,311,18.21,2081,16.61,2056,16.62,3707
2021-09-29 09:48:58.529673-04:00,18.2,311,18.21,2081,16.61,2056,16.62,3707
2021-09-29 09:48:58.529673-04:00,18.2,1135,18.21,1595,16.61,2056,16.62,3707
2021-09-29 09:49:10.420878-04:00,18.2,1135,18.21,1595,16.61,2056,16.62,3707
2021-09-29 09:49:10.420878-04:00,18.2,1135,18.21,1595,16.61,2202,16.62,3636
2021-09-29 09:49:10.420878-04:00,18.2,1135,18.21,1595,16.61,2202,16.62,3636
2021-09-29 09:49:10.420878-04:00,18.2,986,18.21,1457,16.61,2202,16.62,3636
2021-09-29 09:49:18.268896-04:00,18.2,986,18.21,1457,16.61,2202,16.62,3636
2021-09-29 09:49:18.268896-04:00,18.2,986,18.21,1457,16.61,2199,16.62,3633
2021-09-29 09:49:18.268896-04:00,18.2,986,18.21,1457,16.61,2199,16.62,3633
2021-09-29 09:49:18.268896-04:00,18.2,986,18.21,1457,16.61,2743,16.62,2826
2021-09-29 09:49:18.268896-04:00,18.21,158,18.22,1781,16.61,2743,16.62,2826
2021-09-29 09:49:28.325023-04:00,18.21,158,18.22,1781,16.61,2743,16.62,2826
2021-09-29 09:49:28.325023-04:00,18.21,158,18.22,1781,16.61,2743,16.62,2826
2021-09-29 09:49:37.297020-04:00,18.21,158,18.22,1781,16.61,2743,16.62,2826
2021-09-29 09:49:37.297020-04:00,18.21,158,18.22,1781,16.61,2743,16.62,2826
2021-09-29 09:49:37.297020-04:00,18.21,1034,18.22,1862,16.61,2743,16.62,2826
2021-09-29 09:49:37.297020-04:00,18.21,1034,18.22,1862,16.61,2725,16.62,2987
2021-09-29 09:49:37.297020-04:00,18.21,1034,18.22,1862,16.61,2725,16.62,2987
2021-09-29 09:49:50.614416-04:00,18.21,1034,18.22,1862,16.61,2725,16.62,2987
2021-09-29 09:49:50.614416-04:00,18.21,1034,18.22,1862,16.61,2548,16.62,3697
2021-09-29 09:49:50.614416-04:00,18.21,1034,18.22,1862,16.61,2548,16.62,3697
2021-09-29 09:49:50.614416-04:00,18.2,1909,18.21,770,16.61,2548,16.62,3697
2021-09-29 09:49:50.614416-04:00,18.2,1909,18.21,770,16.61,2548,16.62,3697
2021-09-29 09:49:58.325798-04:00,18.19,277,18.2,1952,16.61,2548,16.62,3697
2021-09-29 09:49:58.326796-04:00,18.19,277,18.2,1952,16.61,2548,16.62,3697
2021-09-29 09:49:58.326796-04:00,18.19,277,18.2,1952,16.6,2860,16.61,2752
2021-09-29 09:49:58.326796-04:00,18.19,277,18.2,1952,16.6,2860,16.61,2752
2021-09-29 09:49:58.326796-04:00,18.19,277,18.2,1952,16.6,2860,16.61,2752
2021-09-29 09:49:58.326796-04:00,18.19,277,18.2,1952,16.6,2860,16.61,2752
2021-09-29 09:49:58.326796-04:00,18.19,277,18.2,1952,16.6,2860,16.61,2752
2021-09-29 09:50:06.338376-04:00,18.19,277,18.2,1952,16.6,2860,16.61,2752
2021-09-29 09:50:06.338376-04:00,18.19,277,18.2,1952,16.6,2131,16.61,4331
2021-09-29 09:50:06.338376-04:00,18.19,277,18.2,1952,16.6,2131,16.61,4331
2021-09-29 09:50:06.338376-04:00,18.18,175,18.19,1897,16.6,2131,16.61,4331
2021-09-29 09:50:06.338376-04:00,18.18,175,18.19,1897,16.6,2131,16.61,4331
2021-09-29 09:50:06.338376-04:00,18.18,175,18.19,1897,16.6,2131,16.61,4331
2021-09-29 09:50:06.338376-04:00,18.18,175,18.19,1897,16.6,2131,16.61,4331
2021-09-29 09:50:06.338376-04:00,18.18,175,18.19,1897,16.6,2131,16.61,4331
2021-09-29 09:50:06.338376-04:00,18.18,175,18.19,1897,16.6,2154,16.61,4560
2021-09-29 09:50:06.338376-04:00,18.18,71,18.19,1931,16.6,2154,16.61,4560
2021-09-29 09:50:18.356247-04:00,18.18,71,18.19,1931,16.6,2154,16.61,4560
2021-09-29 09:50:18.356247-04:00,18.18,71,18.19,1931,16.6,2154,16.61,4560
2021-09-29 09:50:30.909683-04:00,18.16,1766,18.17,238,16.6,2154,16.61,4560
2021-09-29 09:50:30.909683-04:00,18.16,1766,18.17,238,16.59,3315,16.6,2697
2021-09-29 09:50:30.909683-04:00,18.16,1766,18.17,238,16.59,3315,16.6,2697
2021-09-29 09:50:30.909683-04:00,18.16,1766,18.17,238,16.59,3315,16.6,2697
2021-09-29 09:50:30.909683-04:00,18.16,1766,18.17,238,16.59,3315,16.6,2697
2021-09-29 09:50:30.909683-04:00,18.16,1766,18.17,238,16.59,3315,16.6,2697
2021-09-29 09:50:30.909683-04:00,18.16,1766,18.17,238,16.59,3315,16.6,2697
2021-09-29 09:50:30.909683-04:00,18.16,1638,18.17,608,16.59,3315,16.6,2697
2021-09-29 09:50:38.425589-04:00,18.16,1638,18.17,608,16.59,3315,16.6,2697
2021-09-29 09:50:38.425589-04:00,18.16,1638,18.17,608,16.59,2583,16.6,3477
2021-09-29 09:50:39.388023-04:00,18.16,1638,18.17,608,16.59,2583,16.6,3477
2021-09-29 09:50:39.388023-04:00,18.14,1431,18.15,1360,16.59,2583,16.6,3477
2021-09-29 09:50:48.443803-04:00,18.14,1431,18.15,1360,16.59,2583,16.6,3477
2021-09-29 09:50:48.443803-04:00,18.14,1431,18.15,1360,16.58,3003,16.59,2676
2021-09-29 09:50:48.443803-04:00,18.14,1431,18.15,1360,16.58,3003,16.59,2676
2021-09-29 09:50:48.443803-04:00,18.14,1431,18.15,1360,16.58,3003,16.59,2676
2021-09-29 09:50:48.443803-04:00,18.14,1431,18.15,1360,16.58,3003,16.59,2676
2021-09-29 09:50:58.424122-04:00,18.15,2832,18.16,222,16.58,3003,16.59,2676
2021-09-29 09:50:58.424122-04:00,18.15,2832,18.16,222,16.58,4964,16.59,17
2021-09-29 09:50:58.424122-04:00,18.15,2832,18.16,222,16.58,4964,16.59,17
2021-09-29 09:51:05.434378-04:00,18.15,2832,18.16,222,16.58,4964,16.59,17
2021-09-29 09:51:11.223899-04:00,18.13,583,18.14,597,16.58,4964,16.59,17
2021-09-29 09:51:11.223899-04:00,18.13,583,18.14,597,16.58,850,16.59,3854
2021-09-29 09:51:11.223899-04:00,18.12,2110,18.13,199,16.58,850,16.59,3854
2021-09-29 09:51:11.223899-04:00,18.12,2110,18.13,199,16.57,3347,16.58,1009
2021-09-29 09:51:11.223899-04:00,18.12,2110,18.13,199,16.57,3347,16.58,1009
2021-09-29 09:51:11.223899-04:00,18.12,2110,18.13,199,16.57,3347,16.58,1009
2021-09-29 09:51:11.223899-04:00,18.12,2110,18.13,199,16.57,3347,16.58,1009
2021-09-29 09:51:18.497450-04:00,18.12,2110,18.13,199,16.57,3347,16.58,1009
2021-09-29 09:51:18.497450-04:00,18.12,2110,18.13,199,16.57,3347,16.58,1009
2021-09-29 09:51:18.497450-04:00,18.12,2110,18.13,199,16.57,3347,16.58,1009
2021-09-29 09:51:18.497450-04:00,18.12,2110,18.13,199,16.57,3347,16.58,1009
2021-09-29 09:51:25.220477-04:00,18.12,2110,18.13,199,16.57,3347,16.58,1009
2021-09-29 09:51:25.220477-04:00,18.14,2154,18.15,298,16.57,3347,16.58,1009
2021-09-29 09:51:28.517661-04:00,18.14,2154,18.15,298,16.58,3465,16.59,3036
2021-09-29 09:51:28.517661-04:00,18.14,2154,18.15,298,16.58,3465,16.59,3036
2021-09-29 09:51:28.517661-04:00,18.14,2154,18.15,298,16.58,3465,16.59,3036
2021-09-29 09:51:37.952437-04:00,18.14,225,18.15,2197,16.58,3465,16.59,3036
2021-09-29 09:51:38.495985-04:00,18.14,225,18.15,2197,16.58,3465,16.59,3036
2021-09-29 09:51:38.495985-04:00,18.14,225,18.15,2197,16.58,2965,16.59,2916
2021-09-29 09:51:38.495985-04:00,18.14,225,18.15,2197,16.58,2965,16.59,2916
2021-09-29 09:51:38.495985-04:00,18.14,225,18.15,2197,16.58,2965,16.59,2916
2021-09-29 09:51:45.256863-04:00,18.14,225,18.15,2197,16.58,2965,16.59,2916
2021-09-29 09:51:45.256863-04:00,18.14,225,18.15,2197,16.58,2965,16.59,2916
2021-09-29 09:51:47.260506-04:00,18.14,225,18.15,2197,16.58,2965,16.59,2916
2021-09-29 09:51:47.260506-04:00,18.13,3075,18.14,94,16.58,2683,16.59,2976
2021-09-29 09:51:47.260506-04:00,18.13,3075,18.14,94,16.58,2683,16.59,2976
2021-09-29 09:51:47.260506-04:00,18.13,3075,18.14,94,16.58,2683,16.59,2976
2021-09-29 09:51:47.260506-04:00,18.13,3075,18.14,94,16.58,2692,16.59,3088
2021-09-29 09:51:47.260506-04:00,18.14,323,18.15,1612,16.58,2692,16.59,3088
2021-09-29 09:51:58.282040-04:00,18.14,323,18.15,1612,16.58,2692,16.59,3088
2021-09-29 09:51:58.282040-04:00,18.14,323,18.15,1612,16.58,2692,16.59,3088
2021-09-29 09:51:58.282040-04:00,18.14,323,18.15,1612,16.58,2692,16.59,3088
2021-09-29 09:52:05.293295-04:00,18.13,2381,18.14,132,16.58,2692,16.59,3088
2021-09-29 09:52:08.337156-04:00,18.13,2381,18.14,132,16.58,2692,16.59,3088
2021-09-29 09:52:08.337156-04:00,18.13,2381,18.14,132,16.58,2446,16.59,3602
2021-09-29 09:52:08.337156-04:00,18.13,2381,18.14,132,16.58,2446,16.59,3602
2021-09-29 09:52:08.337156-04:00,18.13,2381,18.14,132,16.58,2446,16.59,3602
2021-09-29 09:52:08.337156-04:00,18.13,2381,18.14,132,16.58,2446,16.59,3602
2021-09-29 09:52:08.337156-04:00,18.13,2381,18.14,132,16.58,2446,16.59,3602
2021-09-29 09:52:08.337156-04:00,18.13,2381,18.14,132,16.58,1908,16.59,3861
2021-09-29 09:52:08.337156-04:00,18.13,1496,18.14,967,16.58,1908,16.59,3861
2021-09-29 09:52:18.349388-04:00,18.13,1496,18.14,967,16.58,1908,16.59,3861
2021-09-29 09:52:18.349388-04:00,18.13,1496,18.14,967,16.58,1908,16.59,3861
2021-09-29 09:52:18.349388-04:00,18.13,1496,18.14,967,16.58,1908,16.59,3861
2021-09-29 09:52:18.349388-04:00,18.13,1496,18.14,967,16.58,1908,16.59,3861
2021-09-29 09:52:27.407173-04:00,18.13,1496,18.14,967,16.58,1908,16.59,3861
2021-09-29 09:52:27.407173-04:00,18.13,1496,18.14,967,16.58,1908,16.59,3861
2021-09-29 09:52:27.407173-04:00,18.12,2521,18.13,335,16.58,2,16.59,4538
2021-09-29 09:52:35.419749-04:00,18.12,2521,18.13,335,16.58,2,16.59,4538
2021-09-29 09:52:35.419749-04:00,18.12,2521,18.13,335,16.58,2,16.59,4538
2021-09-29 09:52:35.419749-04:00,18.12,602,18.13,1658,16.58,2,16.59,4538
2021-09-29 09:52:38.462612-04:00,18.12,602,18.13,1658,16.58,2,16.59,4538
2021-09-29 09:52:38.462612-04:00,18.12,602,18.13,1658,16.57,3336,16.58,2929
2021-09-29 09:52:38.462612-04:00,18.12,602,18.13,1658,16.57,3336,16.58,2929
2021-09-29 09:52:47.436620-04:00,18.12,602,18.13,1658,16.57,3336,16.58,2929
2021-09-29 09:52:48.478834-04:00,18.11,142,18.12,2333,16.57,3336,16.58,2929
2021-09-29 09:52:48.478834-04:00,18.11,142,18.12,2333,16.57,1894,16.58,3671
2021-09-29 09:52:58.686544-04:00,18.12,1407,18.13,805,16.57,1894,16.58,3671
2021-09-29 09:52:58.686544-04:00,18.12,1407,18.13,805,16.57,2796,16.58,2905
2021-09-29 09:52:58.686544-04:00,18.12,1407,18.13,805,16.57,2796,16.58,2905
2021-09-29 09:52:58.686544-04:00,18.12,1407,18.13,805,16.57,2796,16.58,2905
2021-09-29 09:52:58.686544-04:00,18.12,1407,18.13,805,16.57,2796,16.58,2905
2021-09-29 09:52:58.686544-04:00,18.12,235,18.13,1389,16.57,2796,16.58,2905
2021-09-29 09:53:08.507285-04:00,18.12,235,18.13,1389,16.57,2796,16.58,2905
2021-09-29 09:53:08.507285-04:00,18.12,235,18.13,1389,16.57,2521,16.58,2967
2021-09-29 09:53:08.507285-04:00,18.12,235,18.13,1389,16.57,2521,16.58,2967
2021-09-29 09:53:12.018897-04:00,18.12,235,18.13,1389,16.57,2521,16.58,2967
2021-09-29 09:53:12.018897-04:00,18.12,235,18.13,1389,16.57,2521,16.58,2967
2021-09-29 09:53:18.521512-04:00,18.12,235,18.13,1389,16.57,2521,16.58,2967
2021-09-29 09:53:18.521512-04:00,18.11,1198,18.12,1657,16.57,2521,16.58,2967
2021-09-29 09:53:18.521512-04:00,18.11,1198,18.12,1657,16.57,2241,16.58,3983
2021-09-29 09:53:18.521512-04:00,18.11,1198,18.12,1657,16.57,2241,16.58,3983
2021-09-29 09:53:18.521512-04:00,18.11,1198,18.12,1657,16.57,2241,16.58,3983
2021-09-29 09:53:18.521512-04:00,18.11,1198,18.12,1657,16.57,2241,16.58,3983
2021-09-29 09:53:18.521512-04:00,18.1,1776,18.11,218,16.57,2241,16.58,3983
2021-09-29 09:53:28.247507-04:00,18.1,1776,18.11,218,16.57,2241,16.58,3983
2021-09-29 09:53:28.247507-04:00,18.1,1776,18.11,218,16.56,3541,16.57,92
2021-09-29 09:53:28.247507-04:00,18.1,1776,18.11,218,16.56,3541,16.57,92
2021-09-29 09:53:38.017420-04:00,18.1,1776,18.11,218,16.56,3541,16.57,92
2021-09-29 09:53:38.017420-04:00,18.1,1776,18.11,218,16.56,3517,16.57,1776
2021-09-29 09:53:38.017420-04:00,18.1,2216,18.11,241,16.56,3517,16.57,1776
2021-09-29 09:53:38.017420-04:00,18.1,2216,18.11,241,16.56,3517,16.57,1776
2021-09-29 09:53:38.017420-04:00,18.1,2216,18.11,241,16.56,3517,16.57,1776
2021-09-29 09:53:46.273332-04:00,18.1,2216,18.11,241,16.56,3517,16.57,1776
2021-09-29 09:53:46.273332-04:00,18.11,458,18.12,1713,16.56,4423,16.57,153
2021-09-29 09:53:46.273332-04:00,18.11,458,18.12,1713,16.56,4423,16.57,153
2021-09-29 09:53:46.273332-04:00,18.11,458,18.12,1713,16.56,4423,16.57,153
2021-09-29 09:53:57.290876-04:00,18.11,458,18.12,1713,16.56,4423,16.57,153
2021-09-29 09:53:57.290876-04:00,18.11,458,18.12,1713,16.56,3872,16.57,49
2021-09-29 09:53:57.290876-04:00,18.11,537,18.12,1593,16.56,3872,16.57,49
2021-09-29 09:54:04.868618-04:00,18.11,537,18.12,1593,16.56,3872,16.57,49
2021-09-29 09:54:04.868618-04:00,18.11,235,18.12,1971,16.56,3872,16.57,49
2021-09-29 09:54:04.868618-04:00,18.11,235,18.12,1971,16.56,3650,16.57,49
2021-09-29 09:54:04.868618-04:00,18.11,235,18.12,1971,16.56,3650,16.57,49
2021-09-29 09:54:04.868618-04:00,18.1,3177,18.11,47,16.56,3650,16.57,49
2021-09-29 09:54:18.326636-04:00,18.1,3177,18.11,47,16.56,4068,16.57,1027
2021-09-29 09:54:18.326636-04:00,18.1,3177,18.11,47,16.56,4068,16.57,1027
2021-09-29 09:54:18.326636-04:00,18.1,3177,18.11,47,16.56,4068,16.57,1027
2021-09-29 09:54:18.326636-04:00,18.1,3177,18.11,47,16.56,4068,16.57,1027
2021-09-29 09:54:27.336546-04:00,18.1,3177,18.11,47,16.56,4068,16.57,1027
2021-09-29 09:54:27.336546-04:00,18.1,432,18.11,1239,16.56,4068,16.57,1027
2021-09-29 09:54:31.897354-04:00,18.1,432,18.11,1239,16.56,3388,16.57,2679
2021-09-29 09:54:31.897354-04:00,18.1,432,18.11,1239,16.56,3388,16.57,2679
2021-09-29 09:54:31.897354-04:00,18.1,432,18.11,1239,16.56,3388,16.57,2679
2021-09-29 09:54:31.897354-04:00,18.1,432,18.11,1239,16.56,3388,16.57,2679
2021-09-29 09:54:31.897354-04:00,18.1,333,18.11,1525,16.56,3388,16.57,2679
2021-09-29 09:54:38.392986-04:00,18.1,333,18.11,1525,16.56,3388,16.57,2679
2021-09-29 09:54:38.392986-04:00,18.1,333,18.11,1525,16.56,3041,16.57,2703
2021-09-29 09:54:41.358058-04:00,18.1,333,18.11,1525,16.56,3041,16.57,2703
2021-09-29 09:54:45.364347-04:00,18.1,333,18.11,1525,16.56,3041,16.57,2703
2021-09-29 09:54:45.364347-04:00,18.1,333,18.11,1525,16.56,3041,16.57,2703
2021-09-29 09:54:45.364347-04:00,18.1,30,18.11,2016,16.56,3041,16.57,2703
2021-09-29 09:54:45.364347-04:00,18.1,30,18.11,2016,16.56,2779,16.57,2706
2021-09-29 09:54:49.371633-04:00,18.1,30,18.11,2016,16.56,2779,16.57,2706
2021-09-29 09:54:58.725626-04:00,18.1,1318,18.11,1463,16.56,3375,16.57,2616
2021-09-29 09:54:58.725626-04:00,18.11,457,18.12,1728,16.56,3375,16.57,2616
2021-09-29 09:55:08.441649-04:00,18.11,457,18.12,1728,16.56,3742,16.57,863
2021-09-29 09:55:08.441649-04:00,18.11,457,18.12,1728,16.56,3742,16.57,863
2021-09-29 09:55:08.441649-04:00,18.11,457,18.12,1728,16.56,3742,16.57,863
2021-09-29 09:55:08.441649-04:00,18.11,457,18.12,1728,16.56,3742,16.57,863
2021-09-29 09:55:08.441649-04:00,18.11,457,18.12,1728,16.56,3742,16.57,863
2021-09-29 09:55:12.122806-04:00,18.11,457,18.12,1728,16.56,3742,16.57,863
2021-09-29 09:55:18.457870-04:00,18.11,457,18.12,1728,16.56,3742,16.57,863
2021-09-29 09:55:18.457870-04:00,18.11,2140,18.12,177,16.57,2757,16.58,4413
2021-09-29 09:55:18.457870-04:00,18.11,2140,18.12,177,16.57,2757,16.58,4413
2021-09-29 09:55:18.457870-04:00,18.11,2140,18.12,177,16.57,2757,16.58,4413
2021-09-29 09:55:18.457870-04:00,18.11,2140,18.12,177,16.57,2757,16.58,4413
2021-09-29 09:55:19.420294-04:00,18.11,2140,18.12,177,16.57,2757,16.58,4413
2021-09-29 09:55:19.420294-04:00,18.11,2140,18.12,177,16.57,2757,16.58,4413
2021-09-29 09:55:19.420294-04:00,18.11,2140,18.12,177,16.57,2598,16.58,4558
2021-09-29 09:55:28.474091-04:00,18.11,2140,18.12,177,16.57,2598,16.58,4558
2021-09-29 09:55:28.474091-04:00,18.11,2072,18.12,160,16.57,2598,16.58,4558
2021-09-29 09:55:28.474091-04:00,18.11,2072,18.12,160,16.57,2598,16.58,4558
2021-09-29 09:55:38.953074-04:00,18.11,2072,18.12,160,16.57,2598,16.58,4558
2021-09-29 09:55:38.953074-04:00,18.11,2072,18.12,160,16.57,2598,16.58,4558
2021-09-29 09:55:38.953074-04:00,18.12,1085,18.13,1574,16.57,2598,16.58,4558
2021-09-29 09:55:38.953074-04:00,18.12,1085,18.13,1574,16.57,3026,16.58,3499
2021-09-29 09:55:47.464316-04:00,18.12,550,18.13,1635,16.57,3026,16.58,3499
2021-09-29 09:55:47.464316-04:00,18.12,550,18.13,1635,16.57,2682,16.58,4326
2021-09-29 09:55:58.520756-04:00,18.12,550,18.13,1635,16.57,2682,16.58,4326
2021-09-29 09:55:58.520756-04:00,18.13,459,18.14,1135,16.57,2682,16.58,4326
2021-09-29 09:55:58.520756-04:00,18.13,459,18.14,1135,16.57,3859,16.58,1053
2021-09-29 09:55:58.520756-04:00,18.13,459,18.14,1135,16.57,3859,16.58,1053
2021-09-29 09:56:08.245754-04:00,18.13,459,18.14,1135,16.57,3859,16.58,1053
2021-09-29 09:56:08.245754-04:00,18.13,623,18.14,1953,16.57,3859,16.58,1053
2021-09-29 09:56:08.245754-04:00,18.13,623,18.14,1953,16.57,3833,16.58,1716
2021-09-29 09:56:08.245754-04:00,18.13,623,18.14,1953,16.57,3833,16.58,1716
2021-09-29 09:56:19.313165-04:00,18.13,623,18.14,1953,16.57,3833,16.58,1716
2021-09-29 09:56:19.313165-04:00,18.13,2491,18.14,750,16.57,3833,16.58,1716
2021-09-29 09:56:19.313165-04:00,18.13,2491,18.14,750,16.58,1450,16.59,4487
2021-09-29 09:56:19.313165-04:00,18.13,2491,18.14,750,16.58,1450,16.59,4487
2021-09-29 09:56:19.313165-04:00,18.13,2491,18.14,750,16.58,1450,16.59,4487
2021-09-29 09:56:19.314164-04:00,18.13,2491,18.14,750,16.58,1450,16.59,4487
2021-09-29 09:56:19.314164-04:00,18.13,2491,18.14,750,16.58,1450,16.59,4487
2021-09-29 09:56:28.278197-04:00,18.14,498,18.15,1749,16.58,1450,16.59,4487
2021-09-29 09:56:28.278197-04:00,18.14,498,18.15,1749,16.58,2930,16.59,3911
2021-09-29 09:56:28.278197-04:00,18.14,498,18.15,1749,16.58,2930,16.59,3911
2021-09-29 09:56:32.720322-04:00,18.14,498,18.15,1749,16.58,2930,16.59,3911
2021-09-29 09:56:32.720322-04:00,18.14,498,18.15,1749,16.58,2930,16.59,3911
2021-09-29 09:56:38.331320-04:00,18.14,498,18.15,1749,16.58,2930,16.59,3911
2021-09-29 09:56:38.331320-04:00,18.13,356,18.14,2806,16.58,2930,16.59,3911
2021-09-29 09:56:38.331320-04:00,18.13,356,18.14,2806,16.57,4468,16.58,1097
2021-09-29 09:56:38.331320-04:00,18.13,356,18.14,2806,16.57,4468,16.58,1097
2021-09-29 09:56:48.347541-04:00,18.13,356,18.14,2806,16.57,4468,16.58,1097
2021-09-29 09:56:48.347541-04:00,18.13,84,18.14,2895,16.57,4468,16.58,1097
2021-09-29 09:56:48.347541-04:00,18.13,84,18.14,2895,16.57,4418,16.58,1145
2021-09-29 09:56:48.347541-04:00,18.13,84,18.14,2895,16.57,4418,16.58,1145
2021-09-29 09:56:48.347541-04:00,18.13,84,18.14,2895,16.57,4418,16.58,1145
2021-09-29 09:56:59.632369-04:00,18.13,84,18.14,2895,16.57,4418,16.58,1145
2021-09-29 09:56:59.632369-04:00,18.13,1655,18.14,2062,16.57,4418,16.58,1145
2021-09-29 09:56:59.632369-04:00,18.13,1655,18.14,2062,16.57,5634,16.58,14
2021-09-29 09:56:59.632369-04:00,18.13,1655,18.14,2062,16.57,5634,16.58,14
2021-09-29 09:57:08.377985-04:00,18.13,1655,18.14,2062,16.57,5634,16.58,14
2021-09-29 09:57:08.377985-04:00,18.13,252,18.14,2183,16.57,5634,16.58,14
2021-09-29 09:57:08.377985-04:00,18.13,252,18.14,2183,16.58,74,16.59,5332
2021-09-29 09:57:08.377985-04:00,18.13,252,18.14,2183,16.58,74,16.59,5332
2021-09-29 09:57:08.377985-04:00,18.13,252,18.14,2183,16.58,74,16.59,5332
2021-09-29 09:57:08.377985-04:00,18.13,252,18.14,2183,16.58,74,16.59,5332
2021-09-29 09:57:18.393210-04:00,18.13,252,18.14,2183,16.58,74,16.59,5332
2021-09-29 09:57:18.393210-04:00,18.13,362,18.14,2315,16.58,74,16.59,5332
2021-09-29 09:57:18.393210-04:00,18.13,362,18.14,2315,16.57,4871,16.58,2064
2021-09-29 09:57:18.393210-04:00,18.13,362,18.14,2315,16.57,4871,16.58,2064
2021-09-29 09:57:27.367218-04:00,18.13,362,18.14,2315,16.57,4871,16.58,2064
2021-09-29 09:57:27.367218-04:00,18.13,194,18.14,2295,16.57,4871,16.58,2064
2021-09-29 09:57:27.367218-04:00,18.13,194,18.14,2295,16.57,4858,16.58,2054
2021-09-29 09:57:27.367218-04:00,18.13,194,18.14,2295,16.57,4858,16.58,2054
2021-09-29 09:57:39.956558-04:00,18.13,194,18.14,2295,16.57,4858,16.58,2054
2021-09-29 09:57:39.956558-04:00,18.13,2008,18.14,1814,16.57,5745,16.58,96
2021-09-29 09:57:39.956558-04:00,18.13,2008,18.14,1814,16.57,5745,16.58,96
2021-09-29 09:57:43.392386-04:00,18.13,2008,18.14,1814,16.57,5745,16.58,96
2021-09-29 09:57:43.392386-04:00,18.13,2008,18.14,1814,16.57,5745,16.58,96
2021-09-29 09:57:43.392386-04:00,18.13,240,18.14,2436,16.57,5745,16.58,96
2021-09-29 09:57:43.392386-04:00,18.13,240,18.14,2436,16.57,4261,16.58,1669
2021-09-29 09:57:43.392386-04:00,18.13,240,18.14,2436,16.57,4261,16.58,1669
2021-09-29 09:57:58.454104-04:00,18.13,240,18.14,2436,16.57,4261,16.58,1669
2021-09-29 09:57:58.454104-04:00,18.12,537,18.13,3185,16.57,4261,16.58,1669
2021-09-29 09:57:58.454104-04:00,18.12,537,18.13,3185,16.57,3478,16.58,2732
2021-09-29 09:57:58.454104-04:00,18.12,537,18.13,3185,16.57,3478,16.58,2732
2021-09-29 09:57:58.454104-04:00,18.12,537,18.13,3185,16.57,3478,16.58,2732
2021-09-29 09:57:58.454104-04:00,18.12,537,18.13,3185,16.57,3478,16.58,2732
2021-09-29 09:57:58.454104-04:00,18.12,537,18.13,3185,16.57,3478,16.58,2732
2021-09-29 09:57:58.454104-04:00,18.12,537,18.13,3185,16.57,3975,16.58,2529
2021-09-29 09:58:08.469325-04:00,18.12,537,18.13,3185,16.57,3975,16.58,2529
2021-09-29 09:58:08.469325-04:00,18.12,1104,18.13,628,16.57,3975,16.58,2529
2021-09-29 09:58:08.469325-04:00,18.12,1104,18.13,628,16.57,3975,16.58,2529
2021-09-29 09:58:08.469325-04:00,18.12,1104,18.13,628,16.57,3975,16.58,2529
2021-09-29 09:58:20.431346-04:00,18.11,1494,18.12,1124,16.57,3975,16.58,2529
2021-09-29 09:58:20.431346-04:00,18.11,1494,18.12,1124,16.57,2522,16.58,3607
2021-09-29 09:58:20.455280-04:00,18.11,1494,18.12,1124,16.57,2522,16.58,3607
2021-09-29 09:58:20.455280-04:00,18.11,1494,18.12,1124,16.57,2522,16.58,3607
2021-09-29 09:58:20.455280-04:00,18.11,461,18.12,1560,16.57,2522,16.58,3607
2021-09-29 09:58:26.455238-04:00,18.11,461,18.12,1560,16.57,2522,16.58,3607
2021-09-29 09:58:26.455238-04:00,18.11,461,18.12,1560,16.57,2544,16.58,3766
2021-09-29 09:58:26.455238-04:00,18.11,461,18.12,1560,16.57,2544,16.58,3766
2021-09-29 09:58:26.455238-04:00,18.11,461,18.12,1560,16.57,2544,16.58,3766
2021-09-29 09:58:38.513998-04:00,18.11,461,18.12,1560,16.57,2544,16.58,3766
2021-09-29 09:58:38.513998-04:00,18.11,272,18.12,2973,16.57,2544,16.58,3766
2021-09-29 09:58:38.513998-04:00,18.11,272,18.12,2973,16.57,166,16.58,3809
2021-09-29 09:58:38.513998-04:00,18.11,272,18.12,2973,16.57,166,16.58,3809
2021-09-29 09:58:38.513998-04:00,18.11,272,18.12,2973,16.57,166,16.58,3809
2021-09-29 09:58:38.513998-04:00,18.11,272,18.12,2973,16.57,166,16.58,3809
2021-09-29 09:58:38.513998-04:00,18.11,272,18.12,2973,16.57,166,16.58,3809
2021-09-29 09:58:38.513998-04:00,18.11,272,18.12,2973,16.57,166,16.58,3809
2021-09-29 09:58:38.513998-04:00,18.11,272,18.12,2973,16.57,166,16.58,3809
2021-09-29 09:58:38.513998-04:00,18.11,272,18.12,2973,16.56,3246,16.57,2174
2021-09-29 09:58:48.527226-04:00,18.11,272,18.12,2973,16.56,3246,16.57,2174
2021-09-29 09:58:48.527226-04:00,18.1,1322,18.11,1421,16.56,3246,16.57,2174
2021-09-29 09:58:48.527226-04:00,18.1,1322,18.11,1421,16.56,3246,16.57,2174
2021-09-29 09:59:00.733592-04:00,18.1,277,18.11,2850,16.56,3246,16.57,2174
2021-09-29 09:59:00.733592-04:00,18.1,277,18.11,2850,16.56,3246,16.57,2174
2021-09-29 09:59:00.733592-04:00,18.1,277,18.11,2850,16.56,2820,16.57,3051
2021-09-29 09:59:00.733592-04:00,18.1,277,18.11,2850,16.56,2820,16.57,3051
2021-09-29 09:59:00.733592-04:00,18.1,277,18.11,2850,16.56,2820,16.57,3051
2021-09-29 09:59:00.733592-04:00,18.1,277,18.11,2850,16.56,2820,16.57,3051
2021-09-29 09:59:00.733592-04:00,18.1,277,18.11,2850,16.56,2820,16.57,3051
2021-09-29 09:59:00.733592-04:00,18.1,277,18.11,2850,16.56,3822,16.57,3217
2021-09-29 09:59:08.266454-04:00,18.1,729,18.11,1408,16.56,3822,16.57,3217
2021-09-29 09:59:08.266454-04:00,18.1,729,18.11,1408,16.56,3822,16.57,3217
2021-09-29 09:59:08.266454-04:00,18.1,729,18.11,1408,16.56,3822,16.57,3217
2021-09-29 09:59:08.266454-04:00,18.1,729,18.11,1408,16.56,3822,16.57,3217
2021-09-29 09:59:08.266454-04:00,18.1,1801,18.11,809,16.56,3822,16.57,3217
2021-09-29 09:59:18.320571-04:00,18.1,1801,18.11,809,16.56,3603,16.57,2224
2021-09-29 09:59:18.320571-04:00,18.1,1801,18.11,809,16.56,3603,16.57,2224
2021-09-29 09:59:24.242752-04:00,18.1,1801,18.11,809,16.56,3603,16.57,2224
2021-09-29 09:59:24.242752-04:00,18.1,1801,18.11,809,16.56,3603,16.57,2224
2021-09-29 09:59:24.242752-04:00,18.1,1801,18.11,809,16.56,3603,16.57,2224
2021-09-29 09:59:24.242752-04:00,18.1,455,18.11,2424,16.56,3603,16.57,2224
2021-09-29 09:59:24.242752-04:00,18.1,455,18.11,2424,16.56,3328,16.57,3322
2021-09-29 09:59:24.242752-04:00,18.1,455,18.11,2424,16.56,3328,16.57,3322
2021-09-29 09:59:24.242752-04:00,18.1,455,18.11,2424,16.56,3328,16.57,3322
2021-09-29 09:59:24.242752-04:00,18.1,455,18.11,2424,16.56,3328,16.57,3322
2021-09-29 09:59:24.242752-04:00,18.11,1004,18.12,2230,16.56,3328,16.57,3322
2021-09-29 09:59:41.098674-04:00,18.11,1004,18.12,2230,16.56,3328,16.57,3322
2021-09-29 09:59:41.098674-04:00,18.11,1004,18.12,2230,16.56,4617,16.57,128
2021-09-29 09:59:41.098674-04:00,18.11,1004,18.12,2230,16.56,4617,16.57,128
2021-09-29 09:59:41.098674-04:00,18.11,1004,18.12,2230,16.56,4617,16.57,128
2021-09-29 09:59:41.098674-04:00,18.12,439,18.13,1869,16.56,4617,16.57,128
2021-09-29 09:59:48.344300-04:00,18.12,439,18.13,1869,16.56,4617,16.57,128
2021-09-29 09:59:48.344300-04:00,18.12,439,18.13,1869,16.57,3354,16.58,3509
2021-09-29 09:59:54.450974-04:00,18.12,439,18.13,1869,16.57,3354,16.58,3509
2021-09-29 09:59:54.450974-04:00,18.12,439,18.13,1869,16.57,3188,16.58,4520
2021-09-29 09:59:54.450974-04:00,18.12,439,18.13,1869,16.57,3188,16.58,4520
2021-09-29 09:59:54.450974-04:00,18.11,1621,18.12,519,16.57,3188,16.58,4520
2021-09-29 10:00:07.907995-04:00,18.11,1621,18.12,519,16.57,3027,16.58,4238
2021-09-29 10:00:07.907995-04:00,18.11,1621,18.12,519,16.57,3027,16.58,4238
2021-09-29 10:00:07.907995-04:00,18.11,1621,18.12,519,16.57,3027,16.58,4238
2021-09-29 10:00:07.907995-04:00,18.11,1537,18.12,811,16.57,3027,16.58,4238
2021-09-29 10:00:07.907995-04:00,18.11,1537,18.12,811,16.57,3027,16.58,4238
2021-09-29 10:00:21.283241-04:00,18.11,1537,18.12,733,16.57,3012,16.58,3975
2021-09-29 10:00:21.283241-04:00,18.11,1537,18.12,733,16.57,3012,16.58,3975
2021-09-29 10:00:21.315172-04:00,18.11,1537,18.12,733,16.57,3012,16.58,3975
2021-09-29 10:00:21.315172-04:00,18.11,1537,18.12,733,16.57,3012,16.58,3975
2021-09-29 10:00:21.315172-04:00,18.11,421,18.12,2878,16.57,3012,16.58,3975
2021-09-29 10:00:28.324409-04:00,18.11,421,18.12,2878,16.57,3012,16.58,3975
2021-09-29 10:00:28.324409-04:00,18.11,421,18.12,2878,16.56,3313,16.57,877
2021-09-29 10:00:28.324409-04:00,18.11,421,18.12,2878,16.56,3313,16.57,877
2021-09-29 10:00:35.334670-04:00,18.11,421,18.12,2878,16.56,3313,16.57,877
2021-09-29 10:00:35.334670-04:00,18.11,421,18.12,2878,16.56,3722,16.57,687
2021-09-29 10:00:35.334670-04:00,18.11,421,18.12,2878,16.56,3722,16.57,687
2021-09-29 10:00:35.334670-04:00,18.11,639,18.12,2737,16.56,3722,16.57,687
2021-09-29 10:00:35.334670-04:00,18.11,639,18.12,2737,16.56,3722,16.57,687
2021-09-29 10:00:35.334670-04:00,18.11,639,18.12,2737,16.56,3845,16.57,886
2021-09-29 10:00:48.112505-04:00,18.11,639,18.12,2737,16.56,3845,16.57,886
2021-09-29 10:00:48.112505-04:00,18.11,516,18.12,2713,16.56,3845,16.57,886
2021-09-29 10:00:49.352191-04:00,18.11,516,18.12,2713,16.56,3845,16.57,886
2021-09-29 10:01:01.521653-04:00,18.11,527,18.12,2531,16.56,3715,16.57,636
2021-09-29 10:01:01.521653-04:00,18.11,527,18.12,2531,16.56,3715,16.57,636
2021-09-29 10:01:01.521653-04:00,18.11,608,18.12,2576,16.56,3715,16.57,636
2021-09-29 10:01:08.410235-04:00,18.11,608,18.12,2576,16.56,3715,16.57,636
2021-09-29 10:01:08.410235-04:00,18.11,608,18.12,2576,16.56,3754,16.57,920
2021-09-29 10:01:08.410235-04:00,18.11,608,18.12,2576,16.56,3754,16.57,920
2021-09-29 10:01:08.410235-04:00,18.11,608,18.12,2576,16.56,3754,16.57,920
2021-09-29 10:01:08.410235-04:00,18.11,608,18.12,2576,16.56,3754,16.57,920
2021-09-29 10:01:08.410235-04:00,18.11,608,18.12,2576,16.56,3754,16.57,920
2021-09-29 10:01:08.410235-04:00,18.11,820,18.12,1146,16.56,3754,16.57,920
2021-09-29 10:01:18.425459-04:00,18.11,820,18.12,1146,16.56,3754,16.57,920
2021-09-29 10:01:18.425459-04:00,18.11,820,18.12,1146,16.56,3979,16.57,15
2021-09-29 10:01:18.425459-04:00,18.11,820,18.12,1146,16.56,3979,16.57,15
2021-09-29 10:01:18.425459-04:00,18.11,820,18.12,1146,16.56,3979,16.57,15
2021-09-29 10:01:18.425459-04:00,18.11,1670,18.12,869,16.56,3979,16.57,15
2021-09-29 10:01:28.397798-04:00,18.11,1670,18.12,869,16.56,3979,16.57,15
2021-09-29 10:01:28.397798-04:00,18.11,1670,18.12,869,16.56,4890,16.57,115
2021-09-29 10:01:28.397798-04:00,18.11,1670,18.12,869,16.56,4890,16.57,115
2021-09-29 10:01:28.397798-04:00,18.11,1670,18.12,869,16.56,4890,16.57,115
2021-09-29 10:01:28.397798-04:00,18.1,1126,18.11,1580,16.56,4890,16.57,115
2021-09-29 10:01:41.738131-04:00,18.1,1126,18.11,1580,16.56,4890,16.57,115
2021-09-29 10:01:41.738131-04:00,18.1,1126,18.11,1580,16.56,2617,16.57,2926
2021-09-29 10:01:41.738131-04:00,18.1,1126,18.11,1580,16.56,2617,16.57,2926
2021-09-29 10:01:41.738131-04:00,18.1,1126,18.11,1580,16.56,2617,16.57,2926
2021-09-29 10:01:47.425923-04:00,18.1,1126,18.11,1580,16.56,2617,16.57,2926
2021-09-29 10:01:47.425923-04:00,18.1,1126,18.11,1580,16.56,3869,16.57,2214
2021-09-29 10:01:47.425923-04:00,18.1,2393,18.11,303,16.56,3869,16.57,2214
2021-09-29 10:01:47.425923-04:00,18.1,2393,18.11,303,16.56,3869,16.57,2214
2021-09-29 10:01:47.425923-04:00,18.1,2393,18.11,303,16.56,3918,16.57,2214
2021-09-29 10:01:47.425923-04:00,18.1,2449,18.11,303,16.56,3918,16.57,2214
2021-09-29 10:01:47.425923-04:00,18.1,2449,18.11,303,16.56,3918,16.57,2214
2021-09-29 10:01:47.425923-04:00,18.1,2667,18.11,223,16.56,3918,16.57,2214
2021-09-29 10:02:08.539474-04:00,18.1,2667,18.11,223,16.56,3918,16.57,2214
2021-09-29 10:02:08.539474-04:00,18.1,2667,18.11,223,16.56,3936,16.57,1702
2021-09-29 10:02:08.539474-04:00,18.1,2667,18.11,223,16.56,3936,16.57,1702
2021-09-29 10:02:08.539474-04:00,18.1,2667,18.11,223,16.56,3936,16.57,1702
2021-09-29 10:02:08.539474-04:00,18.1,2667,18.11,223,16.56,3936,16.57,1702
2021-09-29 10:02:08.539474-04:00,18.1,2525,18.11,221,16.56,3936,16.57,1702
2021-09-29 10:02:18.509817-04:00,18.1,2525,18.11,221,16.56,3936,16.57,1702
2021-09-29 10:02:18.509817-04:00,18.1,2525,18.11,221,16.56,3684,16.57,1742
2021-09-29 10:02:18.509817-04:00,18.1,2525,18.11,221,16.56,3684,16.57,1742
2021-09-29 10:02:18.509817-04:00,18.11,2238,18.12,784,16.56,3684,16.57,1742
2021-09-29 10:02:28.524044-04:00,18.11,2238,18.12,784,16.56,3684,16.57,1742
2021-09-29 10:02:28.524044-04:00,18.11,2238,18.12,784,16.57,2027,16.58,4416
2021-09-29 10:02:28.524044-04:00,18.11,2238,18.12,784,16.57,2027,16.58,4416
2021-09-29 10:02:28.524044-04:00,18.11,2238,18.12,784,16.57,2027,16.58,4416
2021-09-29 10:02:28.524044-04:00,18.11,2238,18.12,784,16.57,2027,16.58,4416
2021-09-29 10:02:28.524044-04:00,18.11,2238,18.12,784,16.57,2027,16.58,4416
2021-09-29 10:02:36.246397-04:00,18.11,2238,18.12,784,16.57,2027,16.58,4416
2021-09-29 10:02:36.246397-04:00,18.11,2238,18.12,784,16.57,2027,16.58,4416
2021-09-29 10:02:36.246397-04:00,18.11,1590,18.12,704,16.57,2027,16.58,4416
2021-09-29 10:02:36.246397-04:00,18.11,1590,18.12,704,16.57,1553,16.58,4434
2021-09-29 10:02:36.246397-04:00,18.11,1590,18.12,704,16.57,1553,16.58,4434
2021-09-29 10:02:36.246397-04:00,18.11,1590,18.12,704,16.57,1553,16.58,4434
2021-09-29 10:02:36.246397-04:00,18.11,1590,18.12,704,16.57,1553,16.58,4434
2021-09-29 10:02:36.246397-04:00,18.11,668,18.12,2840,16.57,1553,16.58,4434
2021-09-29 10:02:48.778889-04:00,18.11,668,18.12,2840,16.57,1553,16.58,4434
2021-09-29 10:02:48.778889-04:00,18.11,668,18.12,2840,16.57,1553,16.58,4434
2021-09-29 10:02:48.778889-04:00,18.11,668,18.12,2840,16.57,60,16.58,5782
2021-09-29 10:02:48.778889-04:00,18.11,668,18.12,2840,16.57,60,16.58,5782
2021-09-29 10:02:55.271533-04:00,18.11,668,18.12,2840,16.57,60,16.58,5782
2021-09-29 10:02:55.271533-04:00,18.11,668,18.12,2840,16.57,60,16.58,5782
2021-09-29 10:02:55.271533-04:00,18.11,662,18.12,2492,16.57,60,16.58,5782
2021-09-29 10:02:55.271533-04:00,18.11,662,18.12,2492,16.57,144,16.58,4749
2021-09-29 10:02:55.271533-04:00,18.11,662,18.12,2492,16.57,144,16.58,4749
2021-09-29 10:02:55.271533-04:00,18.11,662,18.12,2492,16.57,144,16.58,4749
2021-09-29 10:02:55.271533-04:00,18.11,662,18.12,2492,16.57,144,16.58,4749
2021-09-29 10:03:08.409407-04:00,18.11,1120,18.12,1956,16.57,144,16.58,4749
2021-09-29 10:03:08.409407-04:00,18.11,1120,18.12,1956,16.57,2272,16.58,4459
2021-09-29 10:03:08.409407-04:00,18.11,1120,18.12,1956,16.57,2272,16.58,4459
2021-09-29 10:03:08.409407-04:00,18.11,1120,18.12,1956,16.57,2272,16.58,4459
2021-09-29 10:03:17.380420-04:00,18.11,1120,18.12,1956,16.57,2272,16.58,4459
2021-09-29 10:03:17.380420-04:00,18.11,1120,18.12,1956,16.57,2507,16.58,4443
2021-09-29 10:03:17.380420-04:00,18.11,1120,18.12,1956,16.57,2507,16.58,4443
2021-09-29 10:03:17.380420-04:00,18.11,1871,18.12,1191,16.57,2507,16.58,4443
2021-09-29 10:03:17.380420-04:00,18.11,1871,18.12,1191,16.57,2507,16.58,4443
2021-09-29 10:03:17.380420-04:00,18.11,1871,18.12,1191,16.57,2507,16.58,4443
2021-09-29 10:03:17.380420-04:00,18.11,1871,18.12,1191,16.57,2507,16.58,4443
2021-09-29 10:03:29.155938-04:00,18.11,1871,18.12,1191,16.57,2507,16.58,4443
2021-09-29 10:03:29.155938-04:00,18.11,356,18.12,2729,16.57,2507,16.58,4443
2021-09-29 10:03:29.155938-04:00,18.11,356,18.12,2729,16.57,79,16.58,5249
2021-09-29 10:03:29.155938-04:00,18.11,356,18.12,2729,16.57,79,16.58,5249
2021-09-29 10:03:29.155938-04:00,18.11,356,18.12,2729,16.57,79,16.58,5249
2021-09-29 10:03:36.403559-04:00,18.11,356,18.12,2729,16.57,79,16.58,5249
2021-09-29 10:03:36.403559-04:00,18.11,356,18.12,2729,16.56,3235,16.57,4183
2021-09-29 10:03:36.403559-04:00,18.11,356,18.12,2729,16.56,3235,16.57,4183
2021-09-29 10:03:36.403559-04:00,18.1,1811,18.11,1778,16.56,3235,16.57,4183
2021-09-29 10:03:36.403559-04:00,18.1,1811,18.11,1778,16.56,3235,16.57,4183
2021-09-29 10:03:45.416465-04:00,18.09,1710,18.1,1159,16.56,3235,16.57,4183
2021-09-29 10:03:48.460325-04:00,18.09,1710,18.1,1159,16.56,3235,16.57,4183
2021-09-29 10:03:48.460325-04:00,18.09,1710,18.1,1159,16.56,2790,16.57,3865
2021-09-29 10:03:48.460325-04:00,18.09,1710,18.1,1159,16.56,2790,16.57,3865
2021-09-29 10:03:48.460325-04:00,18.09,1710,18.1,1159,16.56,2790,16.57,3865
2021-09-29 10:03:57.435329-04:00,18.09,1710,18.1,1159,16.56,2790,16.57,3865
2021-09-29 10:03:57.435329-04:00,18.09,662,18.1,1723,16.56,2790,16.57,3865
2021-09-29 10:03:57.435329-04:00,18.09,662,18.1,1723,16.56,1868,16.57,4883
2021-09-29 10:03:57.435329-04:00,18.09,662,18.1,1723,16.56,1868,16.57,4883
2021-09-29 10:04:04.444589-04:00,18.09,662,18.1,1723,16.56,1868,16.57,4883
2021-09-29 10:04:04.444589-04:00,18.09,662,18.1,1723,16.56,1868,16.57,4883
2021-09-29 10:04:04.444589-04:00,18.09,519,18.1,1765,16.56,1868,16.57,4883
2021-09-29 10:04:04.444589-04:00,18.09,519,18.1,1765,16.56,1868,16.57,4883
2021-09-29 10:04:04.444589-04:00,18.09,519,18.1,1765,16.56,1874,16.57,4907
2021-09-29 10:04:04.444589-04:00,18.09,519,18.1,1765,16.56,1874,16.57,4907
2021-09-29 10:04:04.444589-04:00,18.09,519,18.1,1765,16.56,1874,16.57,4907
2021-09-29 10:04:04.444589-04:00,18.09,344,18.1,2234,16.56,1874,16.57,4907
2021-09-29 10:04:18.504000-04:00,18.09,344,18.1,2234,16.56,1874,16.57,4907
2021-09-29 10:04:18.504000-04:00,18.09,344,18.1,2234,16.56,1867,16.57,5001
2021-09-29 10:04:18.504000-04:00,18.09,344,18.1,2234,16.56,1867,16.57,4965
2021-09-29 10:04:18.504000-04:00,18.09,344,18.1,2234,16.56,1867,16.57,4965
2021-09-29 10:04:26.226353-04:00,18.09,344,18.1,2234,16.56,1867,16.57,4965
2021-09-29 10:04:26.226353-04:00,18.09,344,18.1,2234,16.56,1867,16.57,4965
2021-09-29 10:04:26.226353-04:00,18.09,704,18.1,2335,16.56,1867,16.57,4965
2021-09-29 10:04:26.226353-04:00,18.09,704,18.1,2335,16.56,1867,16.57,4965
2021-09-29 10:04:38.534446-04:00,18.09,883,18.1,1627,16.56,1867,16.57,4965
2021-09-29 10:04:38.534446-04:00,18.09,883,18.1,1627,16.56,1867,16.57,4965
2021-09-29 10:04:38.534446-04:00,18.09,883,18.1,1627,16.56,1952,16.57,4880
2021-09-29 10:04:38.534446-04:00,18.09,883,18.1,1627,16.56,1952,16.57,4880
2021-09-29 10:04:38.534446-04:00,18.09,883,18.1,1627,16.56,1952,16.57,4880
2021-09-29 10:04:38.534446-04:00,18.09,883,18.1,1627,16.56,1952,16.57,4880
2021-09-29 10:04:38.534446-04:00,18.09,883,18.1,1627,16.56,1952,16.57,4880
2021-09-29 10:04:49.747468-04:00,18.09,1397,18.1,909,16.56,1952,16.57,4880
2021-09-29 10:04:49.747468-04:00,18.09,1397,18.1,909,16.56,2564,16.57,4530
2021-09-29 10:04:49.747468-04:00,18.09,1397,18.1,909,16.56,2564,16.57,4530
2021-09-29 10:04:49.747468-04:00,18.09,590,18.1,1749,16.56,2564,16.57,4530
2021-09-29 10:04:58.276666-04:00,18.09,590,18.1,1749,16.56,2564,16.57,4530
2021-09-29 10:04:58.276666-04:00,18.09,590,18.1,1749,16.56,2411,16.57,4877
2021-09-29 10:04:58.276666-04:00,18.09,590,18.1,1749,16.56,2411,16.57,4877
2021-09-29 10:04:58.276666-04:00,18.09,590,18.1,1749,16.56,2411,16.57,4877
2021-09-29 10:04:58.276666-04:00,18.09,583,18.1,1937,16.56,2411,16.57,4877
2021-09-29 10:05:08.291887-04:00,18.09,583,18.1,1937,16.56,2411,16.57,4877
2021-09-29 10:05:08.291887-04:00,18.09,583,18.1,1937,16.56,2411,16.57,4877
2021-09-29 10:05:08.291887-04:00,18.09,583,18.1,1937,16.56,2525,16.57,4907
2021-09-29 10:05:10.293535-04:00,18.09,583,18.1,1937,16.56,2525,16.57,4907
2021-09-29 10:05:10.293535-04:00,18.09,583,18.1,1937,16.56,2525,16.57,4907
2021-09-29 10:05:10.293535-04:00,18.09,583,18.1,1937,16.56,2525,16.57,4907
2021-09-29 10:05:17.304790-04:00,18.09,583,18.1,1937,16.56,2525,16.57,4907
2021-09-29 10:05:17.304790-04:00,18.09,583,18.1,1937,16.56,2525,16.57,4907
2021-09-29 10:05:17.304790-04:00,18.08,844,18.09,2247,16.56,2525,16.57,4907
2021-09-29 10:05:17.304790-04:00,18.08,844,18.09,2247,16.55,3248,16.56,2476
2021-09-29 10:05:17.304790-04:00,18.08,844,18.09,2247,16.55,3248,16.56,2476
2021-09-29 10:05:29.943998-04:00,18.08,94,18.09,3228,16.55,3248,16.56,2476
2021-09-29 10:05:29.943998-04:00,18.08,94,18.09,3228,16.55,3062,16.56,4113
2021-09-29 10:05:36.330922-04:00,18.08,94,18.09,3228,16.55,3062,16.56,4113
2021-09-29 10:05:36.330922-04:00,18.07,3076,18.08,21,16.55,3062,16.56,4113
2021-09-29 10:05:36.330922-04:00,18.07,3076,18.08,21,16.55,3062,16.56,4113
2021-09-29 10:05:36.330922-04:00,18.07,3076,18.08,21,16.55,3417,16.56,3636
2021-09-29 10:05:36.330922-04:00,18.07,3076,18.08,21,16.55,3417,16.56,3636
2021-09-29 10:05:36.330922-04:00,18.07,3076,18.08,21,16.55,3417,16.56,3636
2021-09-29 10:05:36.330922-04:00,18.07,3076,18.08,21,16.55,3417,16.56,3636
2021-09-29 10:05:36.330922-04:00,18.07,2701,18.08,98,16.55,3417,16.56,3636
2021-09-29 10:05:48.349788-04:00,18.07,2701,18.08,98,16.55,3417,16.56,3636
2021-09-29 10:05:48.349788-04:00,18.07,2701,18.08,98,16.55,3417,16.56,3636
2021-09-29 10:05:48.349788-04:00,18.07,2701,18.08,98,16.55,3203,16.56,3712
2021-09-29 10:05:57.360697-04:00,18.07,2701,18.08,98,16.55,3203,16.56,3712
2021-09-29 10:05:57.360697-04:00,18.07,2701,18.08,98,16.55,3203,16.56,3712
2021-09-29 10:05:57.360697-04:00,18.07,2701,18.08,98,16.55,3203,16.56,3712
2021-09-29 10:05:57.360697-04:00,18.08,1032,18.09,2347,16.55,3203,16.56,3712
2021-09-29 10:05:57.360697-04:00,18.08,1032,18.09,2347,16.55,3203,16.56,3712
2021-09-29 10:05:57.360697-04:00,18.08,1032,18.09,2347,16.55,3803,16.56,3405
2021-09-29 10:06:03.368633-04:00,18.08,1032,18.09,2347,16.55,3803,16.56,3405
2021-09-29 10:06:06.373599-04:00,18.08,1032,18.09,2347,16.55,3803,16.56,3405
2021-09-29 10:06:06.373599-04:00,18.08,1032,18.09,2347,16.55,3803,16.56,3405
2021-09-29 10:06:06.373599-04:00,18.08,1032,18.09,2347,16.55,3803,16.56,3405
2021-09-29 10:06:06.373599-04:00,18.09,208,18.1,2597,16.55,3933,16.56,749
2021-09-29 10:06:06.373599-04:00,18.09,208,18.1,2597,16.55,3933,16.56,749
2021-09-29 10:06:06.373599-04:00,18.08,2749,18.09,984,16.55,3933,16.56,749
2021-09-29 10:06:18.391475-04:00,18.08,2749,18.09,984,16.55,3933,16.56,749
2021-09-29 10:06:18.391475-04:00,18.08,2749,18.09,984,16.55,3889,16.56,2791
2021-09-29 10:06:18.391475-04:00,18.08,2749,18.09,984,16.55,3889,16.56,2791
2021-09-29 10:06:25.399734-04:00,18.08,2749,18.09,984,16.55,3889,16.56,2791
2021-09-29 10:06:25.399734-04:00,18.08,2749,18.09,984,16.55,3889,16.56,2791
2021-09-29 10:06:25.399734-04:00,18.06,612,18.07,1883,16.55,3889,16.56,2791
2021-09-29 10:06:25.399734-04:00,18.06,612,18.07,1883,16.55,3889,16.56,2791
2021-09-29 10:06:25.399734-04:00,18.06,612,18.07,1883,16.55,3889,16.56,2791
2021-09-29 10:06:25.399734-04:00,18.06,612,18.07,1883,16.54,769,16.55,2579
2021-09-29 10:06:37.033627-04:00,18.06,612,18.07,1883,16.54,769,16.55,2579
2021-09-29 10:06:37.033627-04:00,18.06,1981,18.07,337,16.54,769,16.55,2579
2021-09-29 10:06:37.033627-04:00,18.06,1981,18.07,337,16.54,769,16.55,2579
2021-09-29 10:06:37.033627-04:00,18.06,1981,18.07,337,16.54,769,16.55,2579
2021-09-29 10:06:37.033627-04:00,18.06,1981,18.07,337,16.54,4973,16.55,242
2021-09-29 10:06:37.033627-04:00,18.06,1981,18.07,337,16.54,4973,16.55,242
2021-09-29 10:06:37.033627-04:00,18.06,1981,18.07,337,16.54,4973,16.55,242
2021-09-29 10:06:50.417051-04:00,18.06,2806,18.07,365,16.54,5753,16.55,126
2021-09-29 10:06:50.417051-04:00,18.06,2806,18.07,365,16.54,5753,16.55,126
2021-09-29 10:06:55.443311-04:00,18.06,2806,18.07,365,16.54,5753,16.55,126
2021-09-29 10:06:55.443311-04:00,18.07,434,18.08,2453,16.54,5753,16.55,126
2021-09-29 10:06:55.443311-04:00,18.07,434,18.08,2453,16.54,5753,16.55,126
2021-09-29 10:06:55.443311-04:00,18.07,434,18.08,2453,16.54,5593,16.55,138
2021-09-29 10:06:55.443311-04:00,18.07,434,18.08,2453,16.54,5593,16.55,138
2021-09-29 10:06:55.443311-04:00,18.07,434,18.08,2453,16.54,5593,16.55,138
2021-09-29 10:07:08.462039-04:00,18.07,434,18.08,2453,16.54,5593,16.55,138
2021-09-29 10:07:08.462039-04:00,18.08,343,18.09,1891,16.54,5593,16.55,138
2021-09-29 10:07:08.462039-04:00,18.08,343,18.09,1891,16.54,5593,16.55,138
2021-09-29 10:07:08.462039-04:00,18.08,343,18.09,1891,16.55,4027,16.56,3297
2021-09-29 10:07:08.462039-04:00,18.08,343,18.09,1891,16.55,4027,16.56,3297
2021-09-29 10:07:08.462039-04:00,18.08,343,18.09,1891,16.55,4027,16.56,3297
2021-09-29 10:07:18.475594-04:00,18.08,343,18.09,1891,16.55,4027,16.56,3297
2021-09-29 10:07:18.475594-04:00,18.08,3420,18.09,15,16.55,4027,16.56,3297
2021-09-29 10:07:18.475594-04:00,18.08,3420,18.09,15,16.55,4551,16.56,426
2021-09-29 10:07:22.229557-04:00,18.08,3420,18.09,15,16.55,4551,16.56,426
2021-09-29 10:07:22.229557-04:00,18.08,3420,18.09,15,16.55,4551,16.56,426
2021-09-29 10:07:30.662013-04:00,18.11,955,18.12,680,16.55,4551,16.56,426
2021-09-29 10:07:30.662013-04:00,18.11,955,18.12,680,16.56,4886,16.57,830
2021-09-29 10:07:38.251132-04:00,18.11,955,18.12,680,16.56,4886,16.57,830
2021-09-29 10:07:38.251132-04:00,18.11,955,18.12,680,16.56,4886,16.57,830
2021-09-29 10:07:38.251132-04:00,18.11,615,18.12,1716,16.56,4886,16.57,830
2021-09-29 10:07:38.251132-04:00,18.11,615,18.12,1716,16.56,4886,16.57,830
2021-09-29 10:07:38.251132-04:00,18.11,615,18.12,1716,16.56,4886,16.57,830
2021-09-29 10:07:38.251132-04:00,18.11,615,18.12,1716,16.57,73,16.58,5387
2021-09-29 10:07:38.251132-04:00,18.11,615,18.12,1716,16.57,73,16.58,5387
2021-09-29 10:07:38.251132-04:00,18.11,615,18.12,1716,16.57,73,16.58,5387
2021-09-29 10:07:38.251132-04:00,18.11,615,18.12,1716,16.56,3823,16.57,4305
2021-09-29 10:07:48.264994-04:00,18.11,615,18.12,1716,16.56,3823,16.57,4305
2021-09-29 10:07:48.264994-04:00,18.1,1096,18.11,2082,16.56,3823,16.57,4305
2021-09-29 10:07:48.264994-04:00,18.1,1096,18.11,2082,16.56,3823,16.57,4305
2021-09-29 10:07:57.679824-04:00,18.1,1096,18.11,2082,16.56,3823,16.57,4305
2021-09-29 10:07:57.679824-04:00,18.09,1083,18.1,1368,16.56,3823,16.57,4305
2021-09-29 10:07:57.679824-04:00,18.09,1083,18.1,1368,16.56,3823,16.57,4305
2021-09-29 10:07:57.679824-04:00,18.09,1083,18.1,1368,16.56,3544,16.57,5206
2021-09-29 10:08:03.286831-04:00,18.09,1083,18.1,1368,16.56,3544,16.57,5206
2021-09-29 10:08:11.146819-04:00,18.09,1083,18.1,1368,16.56,3544,16.57,5206
2021-09-29 10:08:11.146819-04:00,18.09,1403,18.1,856,16.56,3544,16.57,5206
2021-09-29 10:08:11.146819-04:00,18.09,1403,18.1,856,16.56,3591,16.57,4834
2021-09-29 10:08:11.146819-04:00,18.09,1403,18.1,856,16.56,3591,16.57,4834
2021-09-29 10:08:11.146819-04:00,18.09,1403,18.1,856,16.56,3591,16.57,4834
2021-09-29 10:08:18.307673-04:00,18.09,1403,18.1,856,16.56,3591,16.57,4834
2021-09-29 10:08:18.307673-04:00,18.09,849,18.1,1180,16.56,3591,16.57,4834
2021-09-29 10:08:18.307673-04:00,18.09,849,18.1,1180,16.56,3591,16.57,4834
2021-09-29 10:08:18.307673-04:00,18.09,849,18.1,1180,16.56,1667,16.57,5199
2021-09-29 10:08:18.307673-04:00,18.09,849,18.1,1180,16.56,1667,16.57,5199
2021-09-29 10:08:25.317929-04:00,18.09,849,18.1,1180,16.56,1667,16.57,5199
2021-09-29 10:08:25.317929-04:00,18.09,849,18.1,1180,16.56,1667,16.57,5199
2021-09-29 10:08:25.317929-04:00,18.09,2170,18.1,789,16.56,2969,16.57,5129
2021-09-29 10:08:25.317929-04:00,18.09,2170,18.1,789,16.56,2969,16.57,5129
2021-09-29 10:08:25.317929-04:00,18.09,2170,18.1,789,16.56,2969,16.57,5129
2021-09-29 10:08:38.335126-04:00,18.09,2170,18.1,789,16.56,2969,16.57,5129
2021-09-29 10:08:38.335126-04:00,18.09,1592,18.1,329,16.56,2510,16.57,5443
2021-09-29 10:08:38.335126-04:00,18.09,1592,18.1,329,16.56,2510,16.57,5443
2021-09-29 10:08:38.335126-04:00,18.09,1592,18.1,329,16.56,2510,16.57,5443
2021-09-29 10:08:47.439786-04:00,18.09,1592,18.1,329,16.56,2510,16.57,5443
2021-09-29 10:08:47.439786-04:00,18.09,1592,18.1,329,16.56,2518,16.57,5420
2021-09-29 10:08:47.439786-04:00,18.09,1584,18.1,331,16.56,2518,16.57,5420
2021-09-29 10:08:47.439786-04:00,18.09,1584,18.1,331,16.56,2518,16.57,5420
2021-09-29 10:08:47.439786-04:00,18.09,1584,18.1,331,16.56,2518,16.57,5420
2021-09-29 10:08:58.496224-04:00,18.09,1584,18.1,331,16.56,2518,16.57,5420
2021-09-29 10:08:58.496224-04:00,18.1,1098,18.11,2018,16.56,2518,16.57,5420
2021-09-29 10:08:58.496224-04:00,18.1,1098,18.11,2018,16.56,3297,16.57,4503
2021-09-29 10:08:58.496224-04:00,18.1,1098,18.11,2018,16.56,3297,16.57,4503
2021-09-29 10:08:58.496224-04:00,18.1,1098,18.11,2018,16.56,3297,16.57,4503
2021-09-29 10:09:08.513444-04:00,18.1,1098,18.11,2018,16.56,3297,16.57,4503
2021-09-29 10:09:08.513444-04:00,18.1,1098,18.11,2018,16.57,3695,16.58,2673
2021-09-29 10:09:08.513444-04:00,18.12,746,18.13,1453,16.57,3695,16.58,2673
2021-09-29 10:09:08.513444-04:00,18.12,746,18.13,1453,16.57,3695,16.58,2673
2021-09-29 10:09:11.228185-04:00,18.12,746,18.13,1453,16.57,3695,16.58,2673
2021-09-29 10:09:18.494756-04:00,18.12,746,18.13,1453,16.57,3695,16.58,2673
2021-09-29 10:09:18.494756-04:00,18.12,235,18.13,2336,16.57,3371,16.58,3589
2021-09-29 10:09:31.734359-04:00,18.12,235,18.13,2336,16.57,3463,16.58,3047
2021-09-29 10:09:31.734359-04:00,18.12,1655,18.13,851,16.57,3463,16.58,3047
2021-09-29 10:09:38.311772-04:00,18.12,1655,18.13,851,16.57,3463,16.58,3047
2021-09-29 10:09:38.311772-04:00,18.12,1655,18.13,851,16.57,3463,16.58,3047
2021-09-29 10:09:38.311772-04:00,18.13,1257,18.14,1280,16.57,3463,16.58,3047
2021-09-29 10:09:38.311772-04:00,18.13,1257,18.14,1280,16.57,4295,16.58,1875
2021-09-29 10:09:38.311772-04:00,18.13,1257,18.14,1280,16.57,4295,16.58,1875
2021-09-29 10:09:38.311772-04:00,18.13,1257,18.14,1280,16.57,4295,16.58,1875
2021-09-29 10:09:41.276846-04:00,18.13,1257,18.14,1280,16.57,4295,16.58,1875
2021-09-29 10:09:41.276846-04:00,18.13,1257,18.14,1280,16.57,4295,16.58,1875
2021-09-29 10:09:41.276846-04:00,18.13,1257,18.14,1280,16.57,4295,16.58,1875
2021-09-29 10:09:48.327993-04:00,18.13,1257,18.14,1280,16.57,4295,16.58,1875
2021-09-29 10:09:48.327993-04:00,18.14,616,18.15,918,16.57,4295,16.58,1875
2021-09-29 10:09:48.327993-04:00,18.14,616,18.15,918,16.58,2395,16.59,4137
2021-09-29 10:09:48.327993-04:00,18.14,616,18.15,918,16.58,2395,16.59,4137
2021-09-29 10:09:48.327993-04:00,18.14,616,18.15,918,16.58,2395,16.59,4137
2021-09-29 10:09:58.615490-04:00,18.14,616,18.15,918,16.58,2395,16.59,4137
2021-09-29 10:09:58.615490-04:00,18.14,1808,18.15,551,16.58,2395,16.59,4137
2021-09-29 10:09:58.615490-04:00,18.14,1808,18.15,551,16.58,2483,16.59,3721
2021-09-29 10:09:58.615490-04:00,18.14,1808,18.15,551,16.58,2483,16.59,3721
2021-09-29 10:10:08.358440-04:00,18.14,1808,18.15,551,16.58,2483,16.59,3721
2021-09-29 10:10:08.358440-04:00,18.14,1808,18.15,551,16.58,2483,16.59,3721
2021-09-29 10:10:08.358440-04:00,18.14,1808,18.15,551,16.58,2483,16.59,3721
2021-09-29 10:10:08.358440-04:00,18.15,2054,18.16,853,16.58,2483,16.59,3721
2021-09-29 10:10:08.358440-04:00,18.15,2054,18.16,853,16.58,3768,16.59,1566
2021-09-29 10:10:18.374661-04:00,18.15,2054,18.16,853,16.58,3768,16.59,1566
2021-09-29 10:10:18.374661-04:00,18.15,2054,18.16,853,16.58,3768,16.59,1566
2021-09-29 10:10:18.374661-04:00,18.15,1301,18.16,1121,16.58,3768,16.59,1566
2021-09-29 10:10:18.374661-04:00,18.15,1301,18.16,1121,16.58,3768,16.59,1566
2021-09-29 10:10:18.374661-04:00,18.15,1301,18.16,1121,16.58,3806,16.59,2422
2021-09-29 10:10:25.417832-04:00,18.15,1301,18.16,1121,16.58,3806,16.59,2422
2021-09-29 10:10:25.417832-04:00,18.15,1301,18.16,1121,16.58,3806,16.59,2422
2021-09-29 10:10:25.417832-04:00,18.15,1301,18.16,1121,16.58,3806,16.59,2422
2021-09-29 10:10:28.390880-04:00,18.15,1301,18.16,1121,16.58,3806,16.59,2422
2021-09-29 10:10:28.390880-04:00,18.15,1301,18.16,1121,16.58,3806,16.59,2422
2021-09-29 10:10:28.390880-04:00,18.17,1265,18.18,736,16.58,3806,16.59,2422
2021-09-29 10:10:28.390880-04:00,18.17,1265,18.18,736,16.59,3869,16.6,3380
2021-09-29 10:10:28.390880-04:00,18.17,1265,18.18,736,16.59,3869,16.6,3380
2021-09-29 10:10:28.390880-04:00,18.17,1265,18.18,736,16.59,3869,16.6,3380
2021-09-29 10:10:33.359596-04:00,18.17,1265,18.18,736,16.59,3869,16.6,3380
2021-09-29 10:10:33.359596-04:00,18.17,1265,18.18,736,16.59,3869,16.6,3380
2021-09-29 10:10:33.359596-04:00,18.17,1265,18.18,736,16.59,3869,16.6,3381
2021-09-29 10:10:33.359596-04:00,18.17,1158,18.18,887,16.59,3869,16.6,3381
2021-09-29 10:10:45.379461-04:00,18.17,1158,18.18,887,16.59,3869,16.6,3381
2021-09-29 10:10:45.379461-04:00,18.17,1158,18.18,887,16.59,3869,16.6,3381
2021-09-29 10:10:45.379461-04:00,18.17,1158,18.18,887,16.59,3869,16.6,3381
2021-09-29 10:10:45.379461-04:00,18.17,1158,18.18,887,16.59,2633,16.6,4592
2021-09-29 10:10:45.379461-04:00,18.16,811,18.17,2829,16.59,2633,16.6,4592
2021-09-29 10:10:45.379461-04:00,18.16,811,18.17,2829,16.59,2633,16.6,4592
2021-09-29 10:10:45.379461-04:00,18.16,811,18.17,2829,16.59,2633,16.6,4592
2021-09-29 10:10:45.379461-04:00,18.16,1330,18.17,1104,16.59,2633,16.6,4592
2021-09-29 10:10:58.437551-04:00,18.16,1330,18.17,1104,16.59,2727,16.6,4304
2021-09-29 10:11:08.450778-04:00,18.16,1330,18.17,1104,16.59,2727,16.6,4304
2021-09-29 10:11:08.450778-04:00,18.16,1330,18.17,1104,16.59,2727,16.6,4304
2021-09-29 10:11:08.450778-04:00,18.16,1330,18.17,1104,16.59,2727,16.6,4304
2021-09-29 10:11:08.450778-04:00,18.17,1029,18.18,2735,16.59,3713,16.6,3434
2021-09-29 10:11:08.450778-04:00,18.17,1029,18.18,2735,16.59,3713,16.6,3434
2021-09-29 10:11:15.421140-04:00,18.17,1029,18.18,2735,16.59,3713,16.6,3434
2021-09-29 10:11:15.421140-04:00,18.17,1029,18.18,2735,16.59,3713,16.6,3434
2021-09-29 10:11:15.421140-04:00,18.17,1029,18.18,2735,16.59,4114,16.6,2048
2021-09-29 10:11:15.421140-04:00,18.17,1974,18.18,797,16.59,4114,16.6,2048
2021-09-29 10:11:15.421140-04:00,18.17,1974,18.18,797,16.59,4114,16.6,2048
2021-09-29 10:11:15.421140-04:00,18.17,1974,18.18,797,16.59,4114,16.6,2048
2021-09-29 10:11:15.421140-04:00,18.17,1974,18.18,797,16.59,4114,16.6,2048
2021-09-29 10:11:28.256823-04:00,18.17,1974,18.18,797,16.59,4114,16.6,2048
2021-09-29 10:11:28.256823-04:00,18.17,1974,18.18,797,16.59,3696,16.6,3403
2021-09-29 10:11:28.256823-04:00,18.17,554,18.18,2240,16.59,3696,16.6,3403
2021-09-29 10:11:35.267083-04:00,18.17,554,18.18,2240,16.59,3696,16.6,3403
2021-09-29 10:11:35.267083-04:00,18.17,554,18.18,2240,16.59,3696,16.6,3403
2021-09-29 10:11:35.267083-04:00,18.17,554,18.18,2240,16.59,3696,16.6,3403
2021-09-29 10:11:35.267083-04:00,18.17,554,18.18,2240,16.59,2734,16.6,4220
2021-09-29 10:11:35.267083-04:00,18.16,1841,18.17,1341,16.59,2734,16.6,4220
2021-09-29 10:11:35.267083-04:00,18.16,1841,18.17,1341,16.59,2734,16.6,4220
2021-09-29 10:11:35.267083-04:00,18.16,1841,18.17,1341,16.59,2734,16.6,4220
2021-09-29 10:11:48.329160-04:00,18.16,1841,18.17,1341,16.59,2734,16.6,4220
2021-09-29 10:11:48.329160-04:00,18.16,1841,18.17,1341,16.59,2471,16.6,4133
2021-09-29 10:11:48.329160-04:00,18.16,1819,18.17,1291,16.59,2471,16.6,4133
2021-09-29 10:11:48.329160-04:00,18.16,1819,18.17,1291,16.59,2471,16.6,4133
2021-09-29 10:11:59.381610-04:00,18.14,1659,18.15,1227,16.58,3098,16.59,3446
2021-09-29 10:12:06.319060-04:00,18.14,1659,18.15,1227,16.58,3098,16.59,3446
2021-09-29 10:12:06.319060-04:00,18.14,1659,18.15,1227,16.58,3098,16.59,3446
2021-09-29 10:12:06.319060-04:00,18.14,1659,18.15,1227,16.58,3098,16.59,3446
2021-09-29 10:12:06.319060-04:00,18.14,1659,18.15,1227,16.58,3098,16.59,3446
2021-09-29 10:12:06.319060-04:00,18.14,1659,18.15,1227,16.58,3098,16.59,3446
2021-09-29 10:12:06.319060-04:00,18.14,1659,18.15,1227,16.58,3511,16.59,5185
2021-09-29 10:12:06.319060-04:00,18.14,400,18.15,1885,16.58,3511,16.59,5185
2021-09-29 10:12:06.319060-04:00,18.14,400,18.15,1885,16.58,3511,16.59,5185
2021-09-29 10:12:06.319060-04:00,18.14,400,18.15,1885,16.58,3511,16.59,5185
2021-09-29 10:12:18.470574-04:00,18.14,400,18.15,1885,16.58,3511,16.59,5185
2021-09-29 10:12:18.470574-04:00,18.14,400,18.15,1885,16.58,3511,16.59,5185
2021-09-29 10:12:18.470574-04:00,18.14,400,18.15,1885,16.58,3485,16.59,5103
2021-09-29 10:12:18.470574-04:00,18.14,700,18.15,1692,16.58,3485,16.59,5103
2021-09-29 10:12:18.470574-04:00,18.14,700,18.15,1692,16.58,3485,16.59,5103
2021-09-29 10:12:28.484799-04:00,18.14,700,18.15,1692,16.58,3485,16.59,5103
2021-09-29 10:12:28.484799-04:00,18.14,700,18.15,1692,16.58,3485,16.59,5103
2021-09-29 10:12:28.484799-04:00,18.14,700,18.15,1692,16.58,3505,16.59,5175
2021-09-29 10:12:28.484799-04:00,18.13,3258,18.14,51,16.58,3505,16.59,5175
2021-09-29 10:12:28.484799-04:00,18.13,3258,18.14,51,16.58,3505,16.59,5175
2021-09-29 10:12:28.484799-04:00,18.13,3258,18.14,51,16.58,3505,16.59,5175
2021-09-29 10:12:39.683856-04:00,18.13,3258,18.14,51,16.58,3505,16.59,5175
2021-09-29 10:12:39.683856-04:00,18.13,3258,18.14,51,16.58,3505,16.59,5175
2021-09-29 10:12:39.683856-04:00,18.13,3258,18.14,51,16.58,2778,16.59,4669
2021-09-29 10:12:39.683856-04:00,18.14,444,18.15,2359,16.58,2778,16.59,4669
2021-09-29 10:12:45.218060-04:00,18.14,444,18.15,2359,16.58,2778,16.59,4669
2021-09-29 10:12:45.218060-04:00,18.14,444,18.15,2359,16.58,2778,16.59,4669
2021-09-29 10:12:48.512254-04:00,18.14,444,18.15,2359,16.58,2778,16.59,4669
2021-09-29 10:12:48.512254-04:00,18.14,444,18.15,2359,16.58,2618,16.59,5515
2021-09-29 10:12:48.512254-04:00,18.14,324,18.15,2540,16.58,2618,16.59,5515
2021-09-29 10:12:48.512254-04:00,18.14,324,18.15,2540,16.58,2618,16.59,5515
2021-09-29 10:12:57.236926-04:00,18.14,324,18.15,2540,16.58,2618,16.59,5515
2021-09-29 10:12:57.236926-04:00,18.14,324,18.15,2540,16.58,2618,16.59,5515
2021-09-29 10:12:57.236926-04:00,18.14,324,18.15,2540,16.58,2802,16.59,4649
2021-09-29 10:12:57.236926-04:00,18.13,3108,18.14,64,16.58,2802,16.59,4649
2021-09-29 10:12:57.236926-04:00,18.13,3108,18.14,64,16.58,2802,16.59,4649
2021-09-29 10:13:07.251152-04:00,18.13,3108,18.14,64,16.58,2802,16.59,4649
2021-09-29 10:13:07.251152-04:00,18.13,3108,18.14,64,16.58,2802,16.59,4649
2021-09-29 10:13:07.251152-04:00,18.13,3108,18.14,64,16.58,2802,16.59,4649
2021-09-29 10:13:07.251152-04:00,18.13,3108,18.14,64,16.58,2852,16.59,5411
2021-09-29 10:13:07.251152-04:00,18.13,3108,18.14,64,16.58,2852,16.59,5411
2021-09-29 10:13:07.251152-04:00,18.14,446,18.15,2658,16.58,2852,16.59,5411
2021-09-29 10:13:07.251152-04:00,18.14,446,18.15,2658,16.58,2852,16.59,5411
2021-09-29 10:13:07.251152-04:00,18.14,446,18.15,2658,16.58,2852,16.59,5411
2021-09-29 10:13:19.816559-04:00,18.14,446,18.15,2658,16.58,2852,16.59,5411
2021-09-29 10:13:19.816559-04:00,18.14,446,18.15,2658,16.58,2852,16.59,5411
2021-09-29 10:13:19.816559-04:00,18.14,446,18.15,2658,16.58,2961,16.59,4714
2021-09-29 10:13:19.816559-04:00,18.14,614,18.15,1713,16.58,2961,16.59,4714
2021-09-29 10:13:19.816559-04:00,18.14,614,18.15,1713,16.58,2961,16.59,4714
2021-09-29 10:13:28.322814-04:00,18.14,614,18.15,1713,16.58,2961,16.59,4714
2021-09-29 10:13:28.322814-04:00,18.14,614,18.15,1713,16.58,2961,16.59,4714
2021-09-29 10:13:28.322814-04:00,18.14,614,18.15,1713,16.58,2935,16.59,4722
2021-09-29 10:13:28.322814-04:00,18.14,614,18.15,1713,16.58,2935,16.59,4722
2021-09-29 10:13:28.322814-04:00,18.14,2333,18.15,191,16.58,2935,16.59,4722
2021-09-29 10:13:38.338038-04:00,18.14,2333,18.15,191,16.58,2935,16.59,4722
2021-09-29 10:13:38.338038-04:00,18.14,2333,18.15,191,16.58,2935,16.59,4722
2021-09-29 10:13:38.338038-04:00,18.14,2333,18.15,191,16.58,2896,16.59,3680
2021-09-29 10:13:38.338038-04:00,18.14,2374,18.15,169,16.58,2896,16.59,3680
2021-09-29 10:13:46.606932-04:00,18.14,2374,18.15,169,16.58,2896,16.59,3680
2021-09-29 10:13:46.638845-04:00,18.14,2374,18.15,169,16.58,2896,16.59,3680
2021-09-29 10:13:46.638845-04:00,18.15,1277,18.16,1302,16.58,4028,16.59,2524
2021-09-29 10:13:46.638845-04:00,18.15,1277,18.16,1302,16.58,4028,16.59,2524
2021-09-29 10:14:00.062956-04:00,18.15,1277,18.16,1302,16.58,4142,16.59,15
2021-09-29 10:14:00.062956-04:00,18.15,3158,18.16,74,16.58,4142,16.59,15
2021-09-29 10:14:00.062956-04:00,18.15,3158,18.16,74,16.58,4142,16.59,15
2021-09-29 10:14:07.343491-04:00,18.15,3158,18.16,74,16.58,4142,16.59,15
2021-09-29 10:14:07.343491-04:00,18.15,3158,18.16,74,16.58,4142,16.59,15
2021-09-29 10:14:07.343491-04:00,18.15,3158,18.16,74,16.58,4142,16.59,15
2021-09-29 10:14:07.343491-04:00,18.15,3158,18.16,74,16.59,3885,16.6,4228
2021-09-29 10:14:07.343491-04:00,18.16,1060,18.17,1244,16.59,3885,16.6,4228
2021-09-29 10:14:07.343491-04:00,18.16,1060,18.17,1244,16.59,3885,16.6,4228
2021-09-29 10:14:07.343491-04:00,18.16,1041,18.17,1338,16.59,3885,16.6,4228
2021-09-29 10:14:07.343491-04:00,18.16,1041,18.17,1338,16.59,3871,16.6,4556
2021-09-29 10:14:21.364003-04:00,18.16,1041,18.17,1338,16.59,3871,16.6,4556
2021-09-29 10:14:28.414156-04:00,18.16,1041,18.17,1338,16.59,3871,16.6,4556
2021-09-29 10:14:28.414156-04:00,18.16,1041,18.17,1338,16.59,3871,16.6,4556
2021-09-29 10:14:28.414156-04:00,18.16,1041,18.17,1338,16.59,5070,16.6,2875
2021-09-29 10:14:28.414156-04:00,18.17,1618,18.18,1585,16.59,5070,16.6,2875
2021-09-29 10:14:28.414156-04:00,18.17,1618,18.18,1585,16.59,5070,16.6,2875
2021-09-29 10:14:40.346254-04:00,18.17,1618,18.18,1585,16.59,5070,16.6,2875
2021-09-29 10:14:40.346254-04:00,18.17,1889,18.18,298,16.59,4605,16.6,2504
2021-09-29 10:14:40.346254-04:00,18.17,1889,18.18,298,16.59,4605,16.6,2504
2021-09-29 10:14:40.346254-04:00,18.17,1889,18.18,298,16.59,4605,16.6,2504
2021-09-29 10:14:47.402390-04:00,18.17,1889,18.18,298,16.59,4605,16.6,2504
2021-09-29 10:14:47.402390-04:00,18.17,1889,18.18,298,16.59,4059,16.6,3067
2021-09-29 10:14:47.402390-04:00,18.17,1889,18.18,298,16.59,4059,16.6,3067
2021-09-29 10:14:47.402390-04:00,18.17,422,18.18,1711,16.59,4059,16.6,3067
2021-09-29 10:14:53.767370-04:00,18.17,422,18.18,1711,16.59,4059,16.6,3067
2021-09-29 10:14:53.767370-04:00,18.17,422,18.18,1711,16.59,2866,16.6,2433
2021-09-29 10:14:58.458828-04:00,18.17,422,18.18,1711,16.59,2866,16.6,2433
2021-09-29 10:14:58.458828-04:00,18.17,103,18.18,1432,16.59,2866,16.6,2433
2021-09-29 10:14:58.458828-04:00,18.17,103,18.18,1432,16.59,2866,16.6,2433
2021-09-29 10:14:58.458828-04:00,18.17,103,18.18,1432,16.59,2866,16.6,2433
2021-09-29 10:14:58.458828-04:00,18.17,103,18.18,1432,16.59,2851,16.6,2416
2021-09-29 10:15:08.472054-04:00,18.17,103,18.18,1432,16.59,2851,16.6,2416
2021-09-29 10:15:08.472054-04:00,18.17,445,18.18,1024,16.59,2851,16.6,2416
2021-09-29 10:15:08.472054-04:00,18.17,445,18.18,1024,16.59,2851,16.6,2416
2021-09-29 10:15:09.434483-04:00,18.17,445,18.18,1024,16.59,2851,16.6,2416
2021-09-29 10:15:20.605617-04:00,18.16,1627,18.17,825,16.59,2851,16.6,2416
2021-09-29 10:15:20.605617-04:00,18.16,1627,18.17,825,16.59,3029,16.6,2906
2021-09-29 10:15:21.454346-04:00,18.16,1627,18.17,825,16.59,3029,16.6,2906
2021-09-29 10:15:24.207986-04:00,18.16,1627,18.17,825,16.59,3029,16.6,2906
2021-09-29 10:15:24.207986-04:00,18.16,1627,18.17,825,16.59,3936,16.6,58
2021-09-29 10:15:24.207986-04:00,18.16,1627,18.17,825,16.59,3936,16.6,58
2021-09-29 10:15:24.207986-04:00,18.18,1050,18.19,691,16.59,3936,16.6,58
2021-09-29 10:15:24.207986-04:00,18.18,1050,18.19,691,16.59,3936,16.6,58
2021-09-29 10:15:24.207986-04:00,18.18,1050,18.19,691,16.59,3936,16.6,58
2021-09-29 10:15:38.520716-04:00,18.18,1050,18.19,691,16.59,3936,16.6,58
2021-09-29 10:15:38.520716-04:00,18.17,867,18.18,1834,16.59,3936,16.6,58
2021-09-29 10:15:38.520716-04:00,18.17,867,18.18,1834,16.59,3790,16.6,2398
2021-09-29 10:15:38.520716-04:00,18.17,867,18.18,1834,16.59,3790,16.6,2398
2021-09-29 10:15:38.520716-04:00,18.17,867,18.18,1834,16.59,3790,16.6,2398
2021-09-29 10:15:48.534970-04:00,18.17,867,18.18,1834,16.59,3790,16.6,2398
2021-09-29 10:15:48.534970-04:00,18.17,802,18.18,2368,16.59,3790,16.6,2398
2021-09-29 10:15:48.534970-04:00,18.17,802,18.18,2368,16.59,4278,16.6,2419
2021-09-29 10:15:48.534970-04:00,18.17,802,18.18,2368,16.59,4278,16.6,2419
2021-09-29 10:15:48.534970-04:00,18.17,802,18.18,2368,16.59,4278,16.6,2419
2021-09-29 10:15:48.534970-04:00,18.17,802,18.18,2368,16.59,4278,16.6,2419
2021-09-29 10:15:51.249686-04:00,18.17,802,18.18,2368,16.59,4278,16.6,2419
2021-09-29 10:15:56.257297-04:00,18.17,802,18.18,2368,16.59,4278,16.6,2419
2021-09-29 10:15:56.257297-04:00,18.17,802,18.18,2368,16.59,4278,16.6,2419
2021-09-29 10:15:56.257297-04:00,18.17,802,18.18,2368,16.59,4278,16.6,2419
2021-09-29 10:15:56.257297-04:00,18.17,2017,18.18,405,16.59,4278,16.6,2419
2021-09-29 10:15:56.257297-04:00,18.17,2017,18.18,405,16.59,4394,16.6,1471
2021-09-29 10:16:08.277160-04:00,18.17,2017,18.18,405,16.59,4394,16.6,1471
2021-09-29 10:16:08.277160-04:00,18.17,2017,18.18,405,16.59,4394,16.6,1471
2021-09-29 10:16:08.277160-04:00,18.17,675,18.18,1725,16.59,2959,16.6,1982
2021-09-29 10:16:08.277160-04:00,18.17,675,18.18,1725,16.59,2959,16.6,1982
2021-09-29 10:16:08.277160-04:00,18.17,675,18.18,1725,16.59,2959,16.6,1982
2021-09-29 10:16:18.332278-04:00,18.17,675,18.18,1725,16.59,2959,16.6,1982
2021-09-29 10:16:18.332278-04:00,18.17,675,18.18,1725,16.59,2959,16.6,1982
2021-09-29 10:16:18.332278-04:00,18.18,2353,18.19,878,16.59,2959,16.6,1982
2021-09-29 10:16:18.332278-04:00,18.18,2353,18.19,878,16.59,5334,16.6,46
2021-09-29 10:16:18.332278-04:00,18.18,2353,18.19,878,16.59,5334,16.6,46
2021-09-29 10:16:18.332278-04:00,18.18,2353,18.19,878,16.59,5334,16.6,46
2021-09-29 10:16:18.332278-04:00,18.18,2353,18.19,878,16.59,5334,16.6,46
2021-09-29 10:16:18.332278-04:00,18.18,2353,18.19,878,16.59,5334,16.6,46
2021-09-29 10:16:28.307606-04:00,18.18,2353,18.19,878,16.59,5334,16.6,46
2021-09-29 10:16:28.307606-04:00,18.18,188,18.19,1759,16.59,5334,16.6,46
2021-09-29 10:16:28.307606-04:00,18.18,188,18.19,1759,16.59,5334,16.6,46
2021-09-29 10:16:28.307606-04:00,18.18,188,18.19,1759,16.6,929,16.61,5058
2021-09-29 10:16:37.324560-04:00,18.18,188,18.19,1759,16.6,929,16.61,5058
