time,bid1,bid_size1,ask1,ask_size1,bid2,bid_size2,ask2,ask_size2
2021-09-27 09:30:07.701313-04:00,17.92,180,17.93,322,16.48,331,16.49,1369
2021-09-27 09:30:14.279726-04:00,17.92,180,17.93,322,16.47,610,16.48,449
2021-09-27 09:30:14.279726-04:00,17.92,180,17.93,322,16.47,610,16.48,449
2021-09-27 09:30:17.689610-04:00,17.92,180,17.93,322,16.47,610,16.48,449
2021-09-27 09:30:17.689610-04:00,17.92,180,17.93,322,16.47,610,16.48,449
2021-09-27 09:30:17.689610-04:00,17.91,918,17.93,321,16.47,610,16.48,449
2021-09-27 09:30:17.689610-04:00,17.91,918,17.93,321,16.47,610,16.48,449
2021-09-27 09:30:17.689610-04:00,17.94,500,17.95,246,16.49,292,16.5,1017
2021-09-27 09:30:17.689610-04:00,17.94,500,17.95,246,16.49,292,16.5,1017
2021-09-27 09:30:27.762677-04:00,17.94,500,17.95,246,16.49,292,16.5,1017
2021-09-27 09:30:27.762677-04:00,17.94,500,17.95,246,16.49,292,16.5,1017
2021-09-27 09:30:27.762677-04:00,17.94,500,17.95,246,16.49,292,16.5,1017
2021-09-27 09:30:27.762677-04:00,17.94,500,17.95,246,16.49,362,16.5,1435
2021-09-27 09:30:27.762677-04:00,17.94,233,17.96,412,16.49,362,16.5,1435
2021-09-27 09:30:27.762677-04:00,17.94,233,17.96,412,16.49,362,16.5,1435
2021-09-27 09:30:27.762677-04:00,17.94,233,17.96,412,16.49,362,16.5,1435
2021-09-27 09:30:27.762677-04:00,17.94,233,17.96,412,16.49,362,16.5,1435
2021-09-27 09:30:27.762677-04:00,17.94,233,17.96,412,16.49,554,16.5,1435
2021-09-27 09:30:47.744255-04:00,17.94,233,17.96,412,16.49,554,16.5,1435
2021-09-27 09:30:47.744255-04:00,17.94,1148,17.96,486,16.49,554,16.5,1435
2021-09-27 09:30:47.744255-04:00,17.94,1148,17.96,486,16.49,554,16.5,1435
2021-09-27 09:30:47.744255-04:00,17.94,1148,17.96,486,16.49,837,16.5,1455
2021-09-27 09:30:47.744255-04:00,17.94,1090,17.96,342,16.49,837,16.5,1455
2021-09-27 09:30:47.744255-04:00,17.94,1090,17.96,342,16.49,837,16.5,1455
2021-09-27 09:31:03.514091-04:00,17.94,1090,17.96,342,16.49,837,16.5,1455
2021-09-27 09:31:03.514091-04:00,17.94,236,17.95,384,16.49,837,16.5,1455
2021-09-27 09:31:03.514091-04:00,17.94,236,17.95,384,16.49,107,16.5,1455
2021-09-27 09:31:03.514091-04:00,17.94,236,17.95,384,16.49,107,16.5,1455
2021-09-27 09:31:03.514091-04:00,17.94,236,17.95,384,16.49,107,16.5,1455
2021-09-27 09:31:16.723563-04:00,17.94,236,17.95,384,16.49,107,16.5,1455
2021-09-27 09:31:16.723563-04:00,17.94,236,17.95,384,16.49,107,16.5,1455
2021-09-27 09:31:16.723563-04:00,17.94,236,17.95,384,16.49,107,16.5,1455
2021-09-27 09:31:16.723563-04:00,17.94,236,17.95,384,16.49,845,16.5,1423
2021-09-27 09:31:16.723563-04:00,17.94,1206,17.95,82,16.49,845,16.5,1423
2021-09-27 09:31:16.723563-04:00,17.94,1206,17.95,82,16.49,845,16.5,1423
2021-09-27 09:31:16.723563-04:00,17.94,1206,17.95,82,16.49,845,16.5,1423
2021-09-27 09:31:16.723563-04:00,17.94,1206,17.95,82,16.48,1236,16.49,426
2021-09-27 09:31:27.735334-04:00,17.94,1206,17.95,82,16.48,1236,16.49,426
2021-09-27 09:31:27.735334-04:00,17.94,1,17.95,477,16.48,1236,16.49,426
2021-09-27 09:31:27.735334-04:00,17.94,1,17.95,477,16.48,1236,16.49,426
2021-09-27 09:31:27.735334-04:00,17.94,1,17.95,477,16.48,1236,16.49,426
2021-09-27 09:31:27.735334-04:00,17.94,1,17.95,477,16.48,1236,16.49,426
2021-09-27 09:31:27.735334-04:00,17.94,1,17.95,477,16.48,1233,16.49,538
2021-09-27 09:31:27.735334-04:00,17.94,1,17.95,591,16.48,1233,16.49,538
2021-09-27 09:31:27.735334-04:00,17.94,1,17.95,591,16.48,1233,16.49,538
2021-09-27 09:31:27.735334-04:00,17.94,1,17.95,591,16.48,1233,16.49,538
2021-09-27 09:31:27.735334-04:00,17.94,1,17.95,591,16.48,1233,16.49,538
2021-09-27 09:31:48.283396-04:00,17.94,1,17.95,591,16.48,1233,16.49,538
2021-09-27 09:31:48.283396-04:00,17.94,1,17.95,591,16.48,685,16.49,178
2021-09-27 09:31:48.283396-04:00,17.94,2,17.95,356,16.48,685,16.49,178
2021-09-27 09:31:48.283396-04:00,17.94,2,17.95,356,16.48,685,16.49,178
2021-09-27 09:31:48.283396-04:00,17.94,2,17.95,356,16.48,723,16.49,426
2021-09-27 09:31:48.283396-04:00,17.94,2,17.95,356,16.48,723,16.49,667
2021-09-27 09:32:07.644634-04:00,17.94,2,17.95,356,16.48,723,16.49,667
2021-09-27 09:32:07.644634-04:00,17.94,2,17.95,641,16.48,723,16.49,667
2021-09-27 09:32:07.644634-04:00,17.94,2,17.95,641,16.48,723,16.49,667
2021-09-27 09:32:07.644634-04:00,17.94,2,17.95,641,16.48,738,16.49,1165
2021-09-27 09:32:10.648602-04:00,17.94,2,17.95,641,16.48,738,16.49,1165
2021-09-27 09:32:10.648602-04:00,17.94,2,17.95,641,16.48,738,16.49,1165
2021-09-27 09:32:10.648602-04:00,17.93,178,17.94,403,16.48,738,16.49,1165
2021-09-27 09:32:10.648602-04:00,17.93,178,17.94,403,16.48,738,16.49,1165
2021-09-27 09:32:10.648602-04:00,17.93,178,17.94,403,16.48,738,16.49,1165
2021-09-27 09:32:28.467959-04:00,17.93,178,17.94,403,16.48,738,16.49,1165
2021-09-27 09:32:28.467959-04:00,17.93,306,17.94,14,16.48,1110,16.49,1233
2021-09-27 09:32:28.467959-04:00,17.93,306,17.94,14,16.48,1110,16.49,1233
2021-09-27 09:32:28.467959-04:00,17.93,306,17.94,14,16.48,1110,16.49,1233
2021-09-27 09:32:37.542697-04:00,17.93,306,17.94,14,16.48,1110,16.49,1233
2021-09-27 09:32:37.542697-04:00,17.93,306,17.94,14,16.48,1186,16.49,666
2021-09-27 09:32:37.542697-04:00,17.94,4,17.95,304,16.48,1186,16.49,666
2021-09-27 09:32:37.542697-04:00,17.94,4,17.95,304,16.48,1186,16.49,666
2021-09-27 09:32:41.854170-04:00,17.94,4,17.95,304,16.48,1186,16.49,666
2021-09-27 09:32:41.854170-04:00,17.94,4,17.95,304,16.48,1078,16.49,834
2021-09-27 09:32:41.854170-04:00,17.93,792,17.95,307,16.48,1078,16.49,834
2021-09-27 09:32:55.238386-04:00,17.93,1278,17.95,558,16.48,1078,16.49,834
2021-09-27 09:32:55.238386-04:00,17.93,1278,17.95,558,16.48,1186,16.49,624
2021-09-27 09:32:55.238386-04:00,17.93,1278,17.95,558,16.48,1186,16.49,624
2021-09-27 09:33:00.572125-04:00,17.93,1278,17.95,558,16.48,1186,16.49,624
2021-09-27 09:33:00.572125-04:00,17.93,1178,17.95,608,16.48,1186,16.49,624
2021-09-27 09:33:00.572125-04:00,17.93,1178,17.95,608,16.48,1186,16.49,842
2021-09-27 09:33:00.572125-04:00,17.93,1178,17.95,608,16.48,1186,16.49,842
2021-09-27 09:33:00.572125-04:00,17.93,1178,17.95,608,16.48,1186,16.49,842
2021-09-27 09:33:17.595612-04:00,17.93,1178,17.95,608,16.48,1186,16.49,842
2021-09-27 09:33:17.595612-04:00,17.93,1178,17.95,608,16.48,673,16.49,2006
2021-09-27 09:33:17.595612-04:00,17.92,161,17.93,352,16.48,673,16.49,2006
2021-09-27 09:33:17.595612-04:00,17.92,161,17.93,352,16.48,673,16.49,2006
2021-09-27 09:33:17.595612-04:00,17.92,161,17.93,352,16.48,673,16.49,2006
2021-09-27 09:33:17.595612-04:00,17.92,161,17.93,352,16.48,673,16.49,2006
2021-09-27 09:33:17.595612-04:00,17.92,161,17.93,352,16.48,673,16.49,2006
2021-09-27 09:33:17.595612-04:00,17.92,161,17.93,352,16.48,246,16.49,1596
2021-09-27 09:33:24.603876-04:00,17.92,161,17.93,352,16.48,246,16.49,1596
2021-09-27 09:33:24.603876-04:00,17.92,36,17.94,285,16.48,246,16.49,1596
2021-09-27 09:33:24.603876-04:00,17.92,36,17.94,285,16.48,246,16.49,1596
2021-09-27 09:33:24.603876-04:00,17.92,36,17.94,285,16.48,246,16.49,1596
2021-09-27 09:33:24.603876-04:00,17.92,36,17.94,285,16.48,246,16.49,1596
2021-09-27 09:33:24.603876-04:00,17.92,36,17.94,285,16.48,246,16.49,1596
2021-09-27 09:33:35.619422-04:00,17.92,36,17.94,285,16.48,246,16.49,1596
2021-09-27 09:33:35.619422-04:00,17.92,36,17.94,285,16.47,565,16.48,1265
2021-09-27 09:33:35.619422-04:00,17.92,36,17.94,285,16.47,565,16.48,1265
2021-09-27 09:33:35.619422-04:00,17.9,876,17.92,366,16.47,565,16.48,1265
2021-09-27 09:33:48.809160-04:00,17.9,876,17.92,366,16.47,565,16.48,1265
2021-09-27 09:33:48.813149-04:00,17.92,61,17.93,486,16.48,196,16.49,938
2021-09-27 09:33:51.677491-04:00,17.92,61,17.93,486,16.48,907,16.49,1012
2021-09-27 09:33:51.677491-04:00,17.93,50,17.94,277,16.48,907,16.49,1012
2021-09-27 09:33:57.646530-04:00,17.93,50,17.94,277,16.48,907,16.49,1012
2021-09-27 09:33:57.646530-04:00,17.93,50,17.94,277,16.48,907,16.49,1012
2021-09-27 09:33:57.646530-04:00,17.93,50,17.94,277,16.48,907,16.49,1012
2021-09-27 09:33:57.646530-04:00,17.92,43,17.93,320,16.48,907,16.49,1012
2021-09-27 09:33:57.646530-04:00,17.92,43,17.93,320,16.48,907,16.49,1012
2021-09-27 09:34:07.660758-04:00,17.92,43,17.93,320,16.48,907,16.49,1012
2021-09-27 09:34:07.660758-04:00,17.92,43,17.93,320,16.48,907,16.49,1012
2021-09-27 09:34:07.660758-04:00,17.92,43,17.93,320,16.48,330,16.49,1456
2021-09-27 09:34:07.660758-04:00,17.92,43,17.93,320,16.48,330,16.49,1456
2021-09-27 09:34:15.563628-04:00,17.92,43,17.93,320,16.48,599,16.49,1046
2021-09-27 09:34:15.563628-04:00,17.92,369,17.93,43,16.48,599,16.49,1046
2021-09-27 09:34:15.563628-04:00,17.92,369,17.93,43,16.48,599,16.49,1046
2021-09-27 09:34:15.563628-04:00,17.92,369,17.93,43,16.48,599,16.49,1046
2021-09-27 09:34:28.922911-04:00,17.91,1103,17.93,427,16.48,599,16.49,1046
2021-09-27 09:34:28.922911-04:00,17.91,1103,17.93,427,16.48,599,16.49,1046
2021-09-27 09:34:28.922911-04:00,17.91,1103,17.93,427,16.48,167,16.49,901
2021-09-27 09:34:28.922911-04:00,17.91,1082,17.93,430,16.48,167,16.49,901
2021-09-27 09:34:28.922911-04:00,17.91,1082,17.93,430,16.48,167,16.49,901
2021-09-27 09:34:36.699119-04:00,17.91,1082,17.93,430,16.48,167,16.49,901
2021-09-27 09:34:36.699119-04:00,17.91,1082,17.93,430,16.47,613,16.48,74
2021-09-27 09:34:44.708705-04:00,17.91,1082,17.93,430,16.47,613,16.48,74
2021-09-27 09:34:44.708705-04:00,17.91,1023,17.93,350,16.47,613,16.48,74
2021-09-27 09:34:44.708705-04:00,17.91,1023,17.93,350,16.47,613,16.48,74
2021-09-27 09:34:44.708705-04:00,17.91,1023,17.93,350,16.48,220,16.49,1370
2021-09-27 09:34:44.708705-04:00,17.92,237,17.93,335,16.48,220,16.49,1370
2021-09-27 09:34:44.708705-04:00,17.92,237,17.93,335,16.48,750,16.49,1370
2021-09-27 09:34:44.708705-04:00,17.92,237,17.93,335,16.48,750,16.49,1370
2021-09-27 09:34:44.708705-04:00,17.91,987,17.93,295,16.48,750,16.49,1370
2021-09-27 09:35:04.735164-04:00,17.91,987,17.93,295,16.48,750,16.49,1370
2021-09-27 09:35:04.735164-04:00,17.91,987,17.93,295,16.48,750,16.49,1370
2021-09-27 09:35:04.735164-04:00,17.91,987,17.93,295,16.48,46,16.49,1456
2021-09-27 09:35:04.735164-04:00,17.91,1148,17.93,288,16.48,46,16.49,1456
2021-09-27 09:35:04.735164-04:00,17.91,1148,17.93,288,16.48,13,16.48,93
2021-09-27 09:35:04.735164-04:00,17.91,1148,17.93,288,16.48,13,16.48,93
2021-09-27 09:35:18.610066-04:00,17.91,1148,17.93,288,16.48,13,16.48,93
2021-09-27 09:35:18.610066-04:00,17.91,1148,17.93,288,16.48,13,16.48,93
2021-09-27 09:35:18.610066-04:00,17.91,993,17.93,298,16.48,13,16.48,93
2021-09-27 09:35:18.610066-04:00,17.91,993,17.93,298,16.48,43,16.49,1446
2021-09-27 09:35:18.610066-04:00,17.91,993,17.93,298,16.48,43,16.49,1446
2021-09-27 09:35:18.610066-04:00,17.91,993,17.93,298,16.48,43,16.49,1446
2021-09-27 09:35:18.610066-04:00,17.91,993,17.93,298,16.48,80,16.49,1446
2021-09-27 09:35:18.610066-04:00,17.91,993,17.93,298,16.48,80,16.49,1446
2021-09-27 09:35:37.634204-04:00,17.91,993,17.93,298,16.48,80,16.49,1446
2021-09-27 09:35:37.634204-04:00,17.91,993,17.93,298,16.48,80,16.49,1446
2021-09-27 09:35:37.634204-04:00,17.91,993,17.93,298,16.48,271,16.49,1427
2021-09-27 09:35:37.634204-04:00,17.92,316,17.93,43,16.48,271,16.49,1427
2021-09-27 09:35:37.634204-04:00,17.92,316,17.93,43,16.48,271,16.49,1427
2021-09-27 09:35:49.082596-04:00,17.92,316,17.93,43,16.48,271,16.49,1427
2021-09-27 09:35:49.082596-04:00,17.92,316,17.93,43,16.48,271,16.49,1427
2021-09-27 09:35:49.082596-04:00,17.92,316,17.93,43,16.48,271,16.49,1427
2021-09-27 09:35:49.082596-04:00,17.91,836,17.92,43,16.48,271,16.49,1427
2021-09-27 09:35:49.082596-04:00,17.91,836,17.92,43,16.47,568,16.48,586
2021-09-27 09:35:49.082596-04:00,17.91,836,17.92,43,16.47,568,16.48,586
2021-09-27 09:35:57.662656-04:00,17.91,836,17.92,43,16.47,568,16.48,586
2021-09-27 09:36:07.673889-04:00,17.91,836,17.92,43,16.47,568,16.48,586
2021-09-27 09:36:07.673889-04:00,17.91,11,17.92,211,16.47,568,16.48,586
2021-09-27 09:36:07.673889-04:00,17.91,11,17.92,211,16.47,847,16.48,1069
2021-09-27 09:36:07.673889-04:00,17.91,11,17.92,211,16.47,847,16.48,1069
2021-09-27 09:36:17.687119-04:00,17.91,11,17.92,211,16.47,847,16.48,1069
2021-09-27 09:36:17.687119-04:00,17.92,194,17.93,249,16.47,847,16.48,1069
2021-09-27 09:36:17.687119-04:00,17.92,194,17.93,249,16.47,847,16.48,1069
2021-09-27 09:36:17.687119-04:00,17.92,194,17.93,249,16.48,502,16.49,1004
2021-09-27 09:36:17.687119-04:00,17.92,194,17.93,249,16.48,502,16.49,1004
2021-09-27 09:36:23.695055-04:00,17.92,194,17.93,249,16.48,502,16.49,1004
2021-09-27 09:36:23.695055-04:00,17.92,280,17.93,399,16.48,502,16.49,1004
2021-09-27 09:36:23.695055-04:00,17.92,280,17.93,399,16.48,505,16.49,1376
2021-09-27 09:36:37.713575-04:00,17.92,280,17.93,399,16.48,505,16.49,1376
2021-09-27 09:36:37.713575-04:00,17.91,1,17.92,294,16.48,505,16.49,1376
2021-09-27 09:36:37.713575-04:00,17.91,1,17.92,294,16.47,626,16.48,1104
2021-09-27 09:36:37.713575-04:00,17.91,1,17.92,294,16.47,626,16.48,1104
2021-09-27 09:36:37.713575-04:00,17.91,1,17.92,294,16.47,626,16.48,1104
2021-09-27 09:36:37.713575-04:00,17.91,1,17.92,294,16.47,626,16.48,1104
2021-09-27 09:36:37.713575-04:00,17.91,1,17.92,294,16.47,626,16.48,1104
2021-09-27 09:36:47.726803-04:00,17.91,1,17.92,294,16.47,626,16.48,1104
2021-09-27 09:36:47.726803-04:00,17.9,845,17.92,292,16.47,626,16.48,1104
2021-09-27 09:36:47.726803-04:00,17.9,845,17.92,292,16.47,896,16.48,1090
2021-09-27 09:36:47.726803-04:00,17.9,845,17.92,292,16.47,896,16.48,1090
2021-09-27 09:36:47.726803-04:00,17.9,845,17.92,292,16.47,896,16.48,1090
2021-09-27 09:36:57.740032-04:00,17.9,845,17.92,292,16.47,896,16.48,1090
2021-09-27 09:36:57.740032-04:00,17.9,1,17.91,284,16.47,896,16.48,1090
2021-09-27 09:36:57.740032-04:00,17.9,1,17.91,284,16.46,379,16.47,558
2021-09-27 09:36:57.740032-04:00,17.9,1,17.91,284,16.46,379,16.47,558
2021-09-27 09:36:57.740032-04:00,17.9,1,17.91,284,16.46,379,16.47,558
2021-09-27 09:36:57.740032-04:00,17.9,1,17.91,284,16.46,379,16.47,558
2021-09-27 09:36:57.740032-04:00,17.9,1,17.91,284,16.46,379,16.47,558
2021-09-27 09:37:09.316084-04:00,17.9,269,17.91,11,16.46,379,16.47,558
2021-09-27 09:37:09.316084-04:00,17.9,269,17.91,11,16.47,907,16.48,1032
2021-09-27 09:37:09.316084-04:00,17.9,269,17.91,11,16.47,961,16.48,1178
2021-09-27 09:37:09.316084-04:00,17.9,269,17.91,11,16.47,961,16.48,1178
2021-09-27 09:37:09.316084-04:00,17.9,269,17.91,11,16.47,961,16.48,1178
2021-09-27 09:37:09.316084-04:00,17.9,269,17.91,11,16.47,961,16.48,1178
2021-09-27 09:37:09.316084-04:00,17.9,269,17.91,11,16.47,961,16.48,1178
2021-09-27 09:37:09.316084-04:00,17.9,1323,17.92,380,16.47,961,16.48,1178
2021-09-27 09:37:17.522143-04:00,17.9,1323,17.92,380,16.47,961,16.48,1178
2021-09-27 09:37:17.522143-04:00,17.9,1323,17.92,380,16.47,961,16.48,1178
2021-09-27 09:37:25.531728-04:00,17.9,1323,17.92,380,16.47,961,16.48,1178
2021-09-27 09:37:25.531728-04:00,17.9,1355,17.92,289,16.47,961,16.48,1178
2021-09-27 09:37:25.531728-04:00,17.9,1355,17.92,289,16.47,921,16.48,961
2021-09-27 09:37:25.531728-04:00,17.9,1355,17.92,289,16.47,921,16.48,961
2021-09-27 09:37:25.531728-04:00,17.9,1355,17.92,289,16.47,921,16.48,961
2021-09-27 09:37:25.531728-04:00,17.9,1355,17.92,289,16.47,921,16.48,961
2021-09-27 09:37:25.531728-04:00,17.9,1355,17.92,289,16.47,921,16.48,961
2021-09-27 09:37:37.546604-04:00,17.9,1355,17.92,289,16.47,921,16.48,961
2021-09-27 09:37:37.546604-04:00,17.9,1355,17.92,289,16.47,921,16.48,961
2021-09-27 09:37:37.546604-04:00,17.9,846,17.92,429,16.47,921,16.48,961
2021-09-27 09:37:37.546604-04:00,17.9,846,17.92,429,16.47,276,16.48,1046
2021-09-27 09:37:37.546604-04:00,17.9,846,17.92,429,16.47,276,16.48,1046
2021-09-27 09:37:37.546604-04:00,17.9,846,17.92,429,16.47,276,16.48,1046
2021-09-27 09:37:37.546604-04:00,17.9,846,17.92,429,16.47,276,16.48,1046
2021-09-27 09:37:37.546604-04:00,17.9,846,17.92,429,16.47,276,16.48,1046
2021-09-27 09:37:37.546604-04:00,17.9,846,17.92,429,16.47,285,16.48,1052
2021-09-27 09:37:37.546604-04:00,17.9,869,17.91,1,16.47,285,16.48,1052
2021-09-27 09:37:37.546604-04:00,17.9,869,17.91,1,16.47,285,16.48,1052
2021-09-27 09:37:37.546604-04:00,17.9,869,17.91,1,16.47,285,16.48,1052
2021-09-27 09:37:57.512225-04:00,17.9,869,17.91,1,16.47,285,16.48,1052
2021-09-27 09:37:57.512225-04:00,17.9,869,17.91,1,16.47,285,16.48,1052
2021-09-27 09:37:57.512225-04:00,17.9,258,17.91,53,16.47,285,16.48,1052
2021-09-27 09:37:57.512225-04:00,17.9,258,17.91,53,16.47,268,16.48,1389
2021-09-27 09:37:57.512225-04:00,17.9,258,17.91,53,16.47,268,16.48,1389
2021-09-27 09:37:57.512225-04:00,17.9,258,17.91,53,16.47,268,16.48,1389
2021-09-27 09:37:57.512225-04:00,17.9,258,17.91,53,16.47,268,16.48,1389
2021-09-27 09:37:57.512225-04:00,17.9,258,17.91,53,16.47,268,16.48,1389
2021-09-27 09:38:07.520468-04:00,17.9,258,17.91,53,16.47,268,16.48,1389
2021-09-27 09:38:07.520468-04:00,17.89,45,17.9,11,16.46,943,16.47,258
2021-09-27 09:38:07.520468-04:00,17.89,45,17.9,11,16.46,943,16.47,258
2021-09-27 09:38:11.524762-04:00,17.89,45,17.9,11,16.46,943,16.47,258
2021-09-27 09:38:11.524762-04:00,17.89,304,17.9,91,16.46,943,16.47,258
2021-09-27 09:38:11.524762-04:00,17.89,304,17.9,91,16.46,943,16.47,258
2021-09-27 09:38:11.524762-04:00,17.89,304,17.9,91,16.46,1129,16.47,595
2021-09-27 09:38:11.524762-04:00,17.89,304,17.9,91,16.46,1129,16.47,595
2021-09-27 09:38:24.542968-04:00,17.89,304,17.9,91,16.46,1129,16.47,595
2021-09-27 09:38:24.542968-04:00,17.89,304,17.9,91,16.46,1129,16.47,595
2021-09-27 09:38:24.542968-04:00,17.89,304,17.9,91,16.46,914,16.47,95
2021-09-27 09:38:24.542968-04:00,17.89,1009,17.91,317,16.46,914,16.47,95
2021-09-27 09:38:24.542968-04:00,17.89,1052,17.91,317,16.46,914,16.47,95
2021-09-27 09:38:24.542968-04:00,17.89,1052,17.91,317,16.47,161,16.48,1040
2021-09-27 09:38:37.560153-04:00,17.89,1052,17.91,317,16.47,161,16.48,1040
2021-09-27 09:38:37.560153-04:00,17.89,1052,17.91,317,16.47,161,16.48,1040
2021-09-27 09:38:37.560153-04:00,17.89,1052,17.91,317,16.47,161,16.48,1040
2021-09-27 09:38:37.560153-04:00,17.89,1052,17.91,317,16.47,161,16.48,1040
2021-09-27 09:38:37.560153-04:00,17.89,1052,17.91,317,16.47,161,16.48,1040
2021-09-27 09:38:47.574379-04:00,17.89,1052,17.91,317,16.47,161,16.48,1040
2021-09-27 09:38:47.574379-04:00,17.89,1052,17.91,317,16.47,227,16.48,1325
2021-09-27 09:38:47.574379-04:00,17.9,43,17.91,416,16.47,227,16.48,1325
2021-09-27 09:38:52.579996-04:00,17.9,43,17.91,416,16.47,227,16.48,1325
2021-09-27 09:38:52.579996-04:00,17.9,43,17.91,416,16.47,497,16.48,1418
2021-09-27 09:38:52.579996-04:00,17.89,1134,17.91,61,16.47,497,16.48,1418
2021-09-27 09:39:03.593549-04:00,17.89,1134,17.91,61,16.47,497,16.48,1418
2021-09-27 09:39:03.593549-04:00,17.89,1134,17.91,61,16.47,497,16.48,1418
2021-09-27 09:39:03.593549-04:00,17.89,1134,17.91,61,16.47,497,16.48,1418
2021-09-27 09:39:03.593549-04:00,17.89,1134,17.91,61,16.47,497,16.48,1418
2021-09-27 09:39:03.593549-04:00,17.89,399,17.91,250,16.47,497,16.48,1418
2021-09-27 09:39:03.593549-04:00,17.89,399,17.91,250,16.47,28,16.48,1014
2021-09-27 09:39:03.593549-04:00,17.89,1140,17.91,379,16.47,28,16.48,1014
2021-09-27 09:39:03.593549-04:00,17.89,1140,17.91,379,16.47,23,16.48,904
2021-09-27 09:39:03.593549-04:00,17.89,1140,17.91,379,16.47,23,16.48,904
2021-09-27 09:39:15.610421-04:00,17.89,1140,17.91,379,16.47,23,16.48,904
2021-09-27 09:39:15.610421-04:00,17.89,1140,17.91,379,16.47,23,16.48,904
2021-09-27 09:39:15.610421-04:00,17.89,1140,17.91,379,16.47,23,16.48,904
2021-09-27 09:39:27.625298-04:00,17.89,1140,17.91,379,16.47,23,16.48,904
2021-09-27 09:39:27.625298-04:00,17.88,44,17.89,130,16.47,23,16.48,904
2021-09-27 09:39:27.625298-04:00,17.88,44,17.89,130,16.46,384,16.47,1182
2021-09-27 09:39:27.625298-04:00,17.88,44,17.89,130,16.46,384,16.47,1182
2021-09-27 09:39:27.625298-04:00,17.88,44,17.89,130,16.46,384,16.47,1182
2021-09-27 09:39:27.625298-04:00,17.88,44,17.89,130,16.46,384,16.47,1182
2021-09-27 09:39:37.636533-04:00,17.88,219,17.9,264,16.46,836,16.47,1368
2021-09-27 09:39:37.636533-04:00,17.88,219,17.9,264,16.46,836,16.47,1368
2021-09-27 09:39:49.856861-04:00,17.88,219,17.9,264,16.46,836,16.47,1368
2021-09-27 09:39:49.856861-04:00,17.88,219,17.9,264,16.46,836,16.47,1368
2021-09-27 09:39:49.856861-04:00,17.88,459,17.9,258,16.46,836,16.47,1368
2021-09-27 09:39:49.856861-04:00,17.88,459,17.9,258,16.46,836,16.47,1368
2021-09-27 09:39:53.656700-04:00,17.88,459,17.9,258,16.46,836,16.47,1368
2021-09-27 09:39:53.656700-04:00,17.88,1301,17.9,258,16.46,836,16.47,1368
2021-09-27 09:40:03.254041-04:00,17.88,1301,17.9,258,16.46,836,16.47,1368
2021-09-27 09:40:03.254041-04:00,17.88,456,17.9,258,16.46,836,16.47,1368
2021-09-27 09:40:03.254041-04:00,17.88,456,17.9,258,16.46,836,16.47,1368
2021-09-27 09:40:16.702088-04:00,17.88,456,17.9,258,16.46,836,16.47,1368
2021-09-27 09:40:16.702088-04:00,17.88,1251,17.9,260,16.46,836,16.47,1368
2021-09-27 09:40:16.702088-04:00,17.88,1251,17.9,260,16.46,836,16.47,1368
2021-09-27 09:40:29.987569-04:00,17.88,1251,17.9,260,16.46,836,16.47,1368
2021-09-27 09:40:29.987569-04:00,17.88,1251,17.9,260,16.46,845,16.47,1554
2021-09-27 09:40:29.987569-04:00,17.88,4,17.89,168,16.46,845,16.47,1554
2021-09-27 09:40:29.987569-04:00,17.88,4,17.89,168,16.46,845,16.47,1554
2021-09-27 09:40:29.987569-04:00,17.88,4,17.89,168,16.46,845,16.47,1554
2021-09-27 09:40:29.987569-04:00,17.88,4,17.89,168,16.46,831,16.47,1368
2021-09-27 09:40:29.987569-04:00,17.88,4,17.89,168,16.46,831,16.47,1368
2021-09-27 09:40:34.708943-04:00,17.88,4,17.89,168,16.46,831,16.47,1368
2021-09-27 09:40:34.708943-04:00,17.88,405,17.9,170,16.46,831,16.47,1368
2021-09-27 09:40:34.708943-04:00,17.88,405,17.9,170,16.46,831,16.47,1368
2021-09-27 09:40:38.716229-04:00,17.88,405,17.9,170,16.46,831,16.47,1368
2021-09-27 09:40:38.716229-04:00,17.88,1094,17.9,170,16.46,831,16.47,1368
2021-09-27 09:40:38.716229-04:00,17.88,1236,17.9,170,16.46,831,16.47,1368
2021-09-27 09:40:56.757993-04:00,17.88,1236,17.9,170,16.46,831,16.47,1368
2021-09-27 09:40:56.757993-04:00,17.88,1236,17.9,170,16.46,831,16.47,1368
2021-09-27 09:40:58.743684-04:00,17.88,1236,17.9,170,16.46,831,16.47,1368
2021-09-27 09:40:58.743684-04:00,17.88,1236,17.9,170,16.46,831,16.47,1368
2021-09-27 09:40:58.743684-04:00,17.88,1236,17.9,170,16.46,831,16.47,1368
2021-09-27 09:40:58.743684-04:00,17.88,1236,17.9,170,16.46,831,16.47,1368
2021-09-27 09:41:17.511507-04:00,17.88,1236,17.9,170,16.46,831,16.47,1368
2021-09-27 09:41:17.511507-04:00,17.88,1236,17.9,170,16.46,831,16.47,1368
2021-09-27 09:41:17.511507-04:00,17.88,1236,17.9,170,16.46,941,16.47,549
2021-09-27 09:41:17.511507-04:00,17.89,43,17.9,140,16.46,941,16.47,549
2021-09-27 09:41:17.511507-04:00,17.89,43,17.9,140,16.46,941,16.47,549
2021-09-27 09:41:17.511507-04:00,17.89,43,17.9,140,16.46,1127,16.47,867
2021-09-27 09:41:17.511507-04:00,17.89,43,17.9,140,16.46,1127,16.47,867
2021-09-27 09:41:23.533407-04:00,17.89,43,17.9,140,16.46,1127,16.47,867
2021-09-27 09:41:23.533407-04:00,17.89,86,17.9,96,16.46,1127,16.47,867
2021-09-27 09:41:23.533407-04:00,17.89,86,17.9,96,16.46,1127,16.47,867
2021-09-27 09:41:23.533407-04:00,17.89,86,17.9,96,16.46,1127,16.47,867
2021-09-27 09:41:23.533407-04:00,17.89,1375,17.91,252,16.46,1127,16.47,867
2021-09-27 09:41:36.873739-04:00,17.89,1375,17.91,252,16.46,1127,16.47,867
2021-09-27 09:41:36.873739-04:00,17.89,1375,17.91,252,16.46,901,16.47,2
2021-09-27 09:41:36.873739-04:00,17.89,1375,17.91,252,16.46,901,16.47,2
2021-09-27 09:41:36.873739-04:00,17.89,1375,17.91,252,16.46,901,16.47,2
2021-09-27 09:41:36.873739-04:00,17.89,1375,17.91,252,16.46,901,16.47,2
2021-09-27 09:41:50.240004-04:00,17.89,1044,17.91,256,16.46,1083,16.47,92
2021-09-27 09:41:50.240004-04:00,17.89,1044,17.91,256,16.46,1083,16.47,92
2021-09-27 09:41:50.240004-04:00,17.89,1044,17.91,256,16.46,1083,16.47,92
2021-09-27 09:41:57.501589-04:00,17.89,1044,17.91,256,16.46,1083,16.47,92
2021-09-27 09:41:57.501589-04:00,17.9,557,17.91,87,16.46,1083,16.47,92
2021-09-27 09:41:57.501589-04:00,17.9,557,17.91,87,16.46,1083,16.47,92
2021-09-27 09:41:57.501589-04:00,17.9,557,17.91,87,16.47,797,16.48,1459
2021-09-27 09:41:57.501589-04:00,17.9,557,17.91,87,16.47,797,16.48,1459
2021-09-27 09:41:57.501589-04:00,17.9,557,17.91,87,16.47,797,16.48,1459
2021-09-27 09:41:57.501589-04:00,17.9,557,17.91,87,16.47,797,16.48,1459
2021-09-27 09:42:07.514818-04:00,17.9,557,17.91,87,16.47,797,16.48,1459
2021-09-27 09:42:07.514818-04:00,17.91,716,17.92,1,16.47,797,16.48,1459
2021-09-27 09:42:07.514818-04:00,17.91,716,17.92,1,16.47,983,16.48,465
2021-09-27 09:42:07.514818-04:00,17.91,716,17.92,1,16.47,983,16.48,465
2021-09-27 09:42:16.998464-04:00,17.91,716,17.92,1,16.47,983,16.48,465
2021-09-27 09:42:16.998464-04:00,17.91,943,17.92,1,16.47,983,16.48,465
2021-09-27 09:42:16.998464-04:00,17.91,943,17.92,1,16.47,953,16.48,465
2021-09-27 09:42:16.998464-04:00,17.91,943,17.92,1,16.47,953,16.48,465
2021-09-27 09:42:16.998464-04:00,17.91,943,17.92,1,16.47,953,16.48,465
2021-09-27 09:42:16.998464-04:00,17.91,943,17.92,1,16.47,953,16.48,465
2021-09-27 09:42:30.358743-04:00,17.91,943,17.92,1,16.47,953,16.48,465
2021-09-27 09:42:30.358743-04:00,17.91,166,17.92,318,16.47,953,16.48,465
2021-09-27 09:42:30.358743-04:00,17.91,166,17.92,318,16.47,905,16.48,848
2021-09-27 09:42:35.527922-04:00,17.91,166,17.92,318,16.47,905,16.48,848
2021-09-27 09:42:35.527922-04:00,17.91,4,17.92,370,16.47,905,16.48,848
2021-09-27 09:42:35.527922-04:00,17.91,4,17.92,370,16.47,965,16.48,1056
2021-09-27 09:42:43.707055-04:00,17.91,4,17.92,370,16.47,965,16.48,1056
2021-09-27 09:42:43.707055-04:00,17.91,4,17.92,370,16.47,884,16.48,860
2021-09-27 09:42:43.707055-04:00,17.91,4,17.92,370,16.47,884,16.48,860
2021-09-27 09:42:43.707055-04:00,17.91,4,17.92,370,16.47,884,16.48,860
2021-09-27 09:42:43.707055-04:00,17.91,157,17.92,278,16.47,884,16.48,860
2021-09-27 09:42:43.707055-04:00,17.91,157,17.92,278,16.47,884,16.48,860
2021-09-27 09:42:43.707055-04:00,17.91,157,17.92,278,16.47,977,16.48,1004
2021-09-27 09:42:43.707055-04:00,17.91,4,17.92,339,16.47,977,16.48,1004
2021-09-27 09:42:57.554032-04:00,17.91,4,17.92,339,16.47,977,16.48,1004
2021-09-27 09:42:57.554032-04:00,17.91,4,17.92,339,16.47,977,16.48,1004
2021-09-27 09:42:57.554032-04:00,17.91,4,17.92,339,16.47,977,16.48,1004
2021-09-27 09:42:59.554683-04:00,17.91,4,17.92,339,16.47,977,16.48,1004
2021-09-27 09:42:59.554683-04:00,17.91,4,17.92,339,16.47,977,16.48,1004
2021-09-27 09:42:59.554683-04:00,17.91,4,17.92,339,16.47,977,16.48,1004
2021-09-27 09:42:59.554683-04:00,17.91,4,17.92,339,16.47,977,16.48,1004
2021-09-27 09:42:59.554683-04:00,17.92,898,17.94,82,16.47,977,16.48,1004
2021-09-27 09:42:59.554683-04:00,17.92,898,17.94,82,16.48,250,16.49,564
2021-09-27 09:42:59.554683-04:00,17.92,898,17.94,82,16.48,250,16.49,564
2021-09-27 09:42:59.554683-04:00,17.92,898,17.94,82,16.48,262,16.49,504
2021-09-27 09:42:59.554683-04:00,17.92,898,17.94,82,16.48,262,16.49,504
2021-09-27 09:42:59.554683-04:00,17.92,898,17.94,82,16.48,262,16.49,504
2021-09-27 09:42:59.554683-04:00,17.92,903,17.94,75,16.48,262,16.49,504
2021-09-27 09:42:59.554683-04:00,17.92,903,17.94,75,16.48,315,16.49,526
2021-09-27 09:42:59.554683-04:00,17.92,986,17.94,17,16.48,315,16.49,526
2021-09-27 09:42:59.554683-04:00,17.92,986,17.94,17,16.48,315,16.49,526
2021-09-27 09:42:59.554683-04:00,17.92,986,17.94,17,16.48,315,16.49,526
2021-09-27 09:42:59.554683-04:00,17.92,986,17.94,17,16.48,315,16.49,526
2021-09-27 09:43:30.590705-04:00,17.92,986,17.94,17,16.48,315,16.49,526
2021-09-27 09:43:30.590705-04:00,17.92,986,17.94,17,16.48,315,16.49,526
2021-09-27 09:43:30.590705-04:00,17.92,986,17.94,17,16.48,315,16.49,526
2021-09-27 09:43:30.590705-04:00,17.93,111,17.94,83,16.48,315,16.49,526
2021-09-27 09:43:30.590705-04:00,17.93,111,17.94,83,16.48,282,16.49,473
2021-09-27 09:43:30.590705-04:00,17.93,111,17.94,83,16.48,282,16.49,473
2021-09-27 09:43:30.590705-04:00,17.93,111,17.94,83,16.48,282,16.49,485
2021-09-27 09:43:43.606905-04:00,17.93,111,17.94,83,16.48,282,16.49,485
2021-09-27 09:43:44.608228-04:00,17.93,111,17.94,83,16.48,282,16.49,485
2021-09-27 09:43:44.608228-04:00,17.93,111,17.94,83,16.48,282,16.49,485
2021-09-27 09:43:44.608228-04:00,17.93,111,17.94,78,16.48,282,16.49,485
2021-09-27 09:43:44.608228-04:00,17.93,111,17.94,78,16.48,282,16.49,485
2021-09-27 09:43:44.608228-04:00,17.93,765,17.95,130,16.48,282,16.49,485
2021-09-27 09:43:44.608228-04:00,17.93,765,17.95,130,16.48,309,16.49,194
2021-09-27 09:43:44.608228-04:00,17.93,765,17.95,130,16.48,309,16.49,194
2021-09-27 09:43:44.608228-04:00,17.93,765,17.95,130,16.48,309,16.49,194
2021-09-27 09:44:03.846704-04:00,17.93,765,17.95,130,16.48,309,16.49,142
2021-09-27 09:44:03.846704-04:00,17.93,765,17.95,130,16.48,309,16.49,142
2021-09-27 09:44:03.846704-04:00,17.94,38,17.95,157,16.48,309,16.49,142
2021-09-27 09:44:03.846704-04:00,17.94,66,17.95,125,16.48,309,16.49,142
2021-09-27 09:44:03.846704-04:00,17.94,66,17.95,125,16.48,309,16.49,56
2021-09-27 09:44:03.846704-04:00,17.94,66,17.95,125,16.48,309,16.49,56
2021-09-27 09:44:03.846704-04:00,17.94,38,17.95,131,16.48,309,16.49,56
2021-09-27 09:44:03.846704-04:00,17.94,38,17.95,131,16.48,309,16.49,56
2021-09-27 09:44:03.846704-04:00,17.94,38,17.95,131,16.48,309,16.49,92
2021-09-27 09:44:03.846704-04:00,17.94,38,17.95,131,16.48,309,16.49,92
2021-09-27 09:44:03.846704-04:00,17.94,38,17.95,131,16.48,309,16.49,92
2021-09-27 09:44:03.846704-04:00,17.94,38,17.95,131,16.48,309,16.49,92
2021-09-27 09:44:03.846704-04:00,17.94,38,17.95,205,16.48,309,16.49,92
2021-09-27 09:44:03.846704-04:00,17.94,38,17.95,205,16.48,309,16.49,632
2021-09-27 09:44:03.846704-04:00,17.92,79,17.93,44,16.48,309,16.49,632
2021-09-27 09:44:03.846704-04:00,17.92,79,17.93,44,16.48,209,16.49,686
2021-09-27 09:44:03.846704-04:00,17.92,79,17.93,44,16.48,209,16.49,686
2021-09-27 09:44:03.846704-04:00,17.92,79,17.93,44,16.48,209,16.49,686
2021-09-27 09:44:03.846704-04:00,17.92,79,17.93,44,16.48,209,16.49,686
2021-09-27 09:44:03.846704-04:00,17.92,79,17.93,44,16.48,209,16.49,686
2021-09-27 09:44:03.846704-04:00,17.92,33,17.93,82,16.48,209,16.49,686
2021-09-27 09:44:03.846704-04:00,17.92,33,17.93,82,16.48,162,16.49,734
2021-09-27 09:44:57.698723-04:00,17.92,33,17.93,82,16.48,162,16.49,734
2021-09-27 09:44:57.698723-04:00,17.92,33,17.93,82,16.48,162,16.49,734
2021-09-27 09:45:05.707312-04:00,17.92,33,17.93,82,16.48,162,16.49,734
2021-09-27 09:45:05.707312-04:00,17.92,33,17.93,82,16.48,162,16.49,734
2021-09-27 09:45:05.707312-04:00,17.92,33,17.93,82,16.48,162,16.49,734
2021-09-27 09:45:05.707312-04:00,17.94,239,17.95,218,16.48,273,16.49,190
2021-09-27 09:45:05.707312-04:00,17.94,239,17.95,218,16.48,273,16.49,190
2021-09-27 09:45:11.754145-04:00,17.94,293,17.95,668,16.48,273,16.49,190
2021-09-27 09:45:17.723186-04:00,17.94,293,17.95,668,16.48,273,16.49,190
2021-09-27 09:45:17.723186-04:00,17.94,293,17.95,668,16.49,58,16.5,2552
2021-09-27 09:45:17.723186-04:00,17.94,293,17.95,668,16.49,58,16.5,2552
2021-09-27 09:45:17.723186-04:00,17.94,293,17.95,668,16.49,58,16.5,2552
2021-09-27 09:45:17.723186-04:00,17.94,293,17.95,668,16.49,58,16.5,2552
2021-09-27 09:45:23.947546-04:00,17.94,293,17.95,668,16.49,58,16.5,2552
2021-09-27 09:45:23.947546-04:00,17.94,293,17.95,668,16.49,58,16.5,2552
2021-09-27 09:45:23.947546-04:00,17.94,274,17.95,1139,16.49,58,16.5,2552
2021-09-27 09:45:27.735418-04:00,17.94,274,17.95,1139,16.49,58,16.5,2552
2021-09-27 09:45:27.735418-04:00,17.94,274,17.95,1139,16.48,1438,16.49,1403
2021-09-27 09:45:27.735418-04:00,17.94,274,17.95,1139,16.48,1438,16.49,1403
2021-09-27 09:45:27.735418-04:00,17.94,274,17.95,1139,16.48,1438,16.49,1403
2021-09-27 09:45:27.735418-04:00,17.94,274,17.95,1139,16.48,1438,16.49,1403
2021-09-27 09:45:27.735418-04:00,17.93,575,17.94,902,16.48,1438,16.49,1403
2021-09-27 09:45:37.746651-04:00,17.93,575,17.94,902,16.48,1438,16.49,1403
2021-09-27 09:45:37.746651-04:00,17.93,575,17.94,902,16.48,1428,16.49,2083
2021-09-27 09:45:37.746651-04:00,17.93,575,17.94,902,16.48,1428,16.49,2083
2021-09-27 09:45:37.746651-04:00,17.93,575,17.94,902,16.48,1428,16.49,2083
2021-09-27 09:45:37.746651-04:00,17.93,575,17.94,902,16.48,1428,16.49,2083
2021-09-27 09:45:42.752279-04:00,17.93,575,17.94,902,16.48,1428,16.49,2083
2021-09-27 09:45:42.752279-04:00,17.93,575,17.94,902,16.48,1428,16.49,2083
2021-09-27 09:45:50.667109-04:00,17.9,1181,17.91,644,16.47,770,16.48,2085
2021-09-27 09:45:50.667109-04:00,17.9,1181,17.91,644,16.47,770,16.48,2085
2021-09-27 09:45:50.667109-04:00,17.9,1181,17.91,644,16.47,770,16.48,2085
2021-09-27 09:45:50.667109-04:00,17.9,1181,17.91,644,16.47,770,16.48,2085
2021-09-27 09:45:50.667109-04:00,17.9,374,17.91,1140,16.47,770,16.48,2085
2021-09-27 09:45:57.771114-04:00,17.9,374,17.91,1140,16.47,770,16.48,2085
2021-09-27 09:45:57.771114-04:00,17.9,374,17.91,1140,16.47,192,16.48,2297
2021-09-27 09:45:57.771114-04:00,17.9,374,17.91,1140,16.47,192,16.48,2297
2021-09-27 09:45:57.771114-04:00,17.9,374,17.91,1140,16.47,192,16.48,2297
2021-09-27 09:45:57.771114-04:00,17.9,374,17.91,1140,16.47,192,16.48,2297
2021-09-27 09:46:07.783346-04:00,17.91,574,17.92,893,16.47,192,16.48,2297
2021-09-27 09:46:07.783346-04:00,17.91,574,17.92,893,16.47,1249,16.48,2125
2021-09-27 09:46:07.783346-04:00,17.91,574,17.92,893,16.47,1249,16.48,2125
2021-09-27 09:46:07.783346-04:00,17.91,574,17.92,893,16.47,1249,16.48,2125
2021-09-27 09:46:12.538633-04:00,17.91,574,17.92,893,16.47,1249,16.48,2125
2021-09-27 09:46:12.538633-04:00,17.91,781,17.92,172,16.47,1249,16.48,2125
2021-09-27 09:46:17.547243-04:00,17.91,781,17.92,172,16.47,1249,16.48,2125
2021-09-27 09:46:17.547243-04:00,17.91,781,17.92,172,16.47,1516,16.48,2015
2021-09-27 09:46:17.547243-04:00,17.91,781,17.92,172,16.47,1516,16.48,2015
2021-09-27 09:46:17.547243-04:00,17.91,781,17.92,172,16.47,1516,16.48,2015
2021-09-27 09:46:17.547243-04:00,17.91,781,17.92,172,16.47,1516,16.48,2015
2021-09-27 09:46:17.547243-04:00,17.91,962,17.92,362,16.47,1516,16.48,2015
2021-09-27 09:46:30.746992-04:00,17.91,962,17.92,362,16.47,1613,16.48,1682
2021-09-27 09:46:30.746992-04:00,17.91,962,17.92,362,16.47,1613,16.48,1682
2021-09-27 09:46:36.568614-04:00,17.91,962,17.92,362,16.47,1613,16.48,1682
2021-09-27 09:46:36.568614-04:00,17.91,962,17.92,362,16.47,1431,16.48,2008
2021-09-27 09:46:36.568614-04:00,17.91,962,17.92,362,16.47,1431,16.48,2008
2021-09-27 09:46:36.568614-04:00,17.91,962,17.92,362,16.47,1431,16.48,2008
2021-09-27 09:46:36.568614-04:00,17.91,298,17.92,1126,16.47,1431,16.48,2008
2021-09-27 09:46:36.568614-04:00,17.91,298,17.92,1126,16.47,1431,16.48,2008
2021-09-27 09:46:36.568614-04:00,17.91,298,17.92,1126,16.47,1431,16.48,2008
2021-09-27 09:46:46.580659-04:00,17.91,298,17.92,1126,16.47,1431,16.48,2008
2021-09-27 09:46:46.580659-04:00,17.9,1610,17.91,142,16.47,1431,16.48,2008
2021-09-27 09:46:46.580659-04:00,17.9,1610,17.91,142,16.47,999,16.48,2156
2021-09-27 09:46:46.580659-04:00,17.9,1610,17.91,142,16.47,999,16.48,2156
2021-09-27 09:46:57.553323-04:00,17.9,1610,17.91,142,16.47,999,16.48,2156
2021-09-27 09:46:57.553323-04:00,17.9,1610,17.91,142,16.47,999,16.48,2156
2021-09-27 09:46:57.575265-04:00,17.9,1610,17.91,142,16.47,999,16.48,2156
2021-09-27 09:46:57.575265-04:00,17.9,1610,17.91,142,16.47,999,16.48,2156
2021-09-27 09:46:57.575265-04:00,17.9,981,17.91,237,16.47,999,16.48,2156
2021-09-27 09:46:57.575265-04:00,17.9,981,17.91,237,16.47,384,16.48,2146
2021-09-27 09:46:57.575265-04:00,17.9,981,17.91,237,16.47,384,16.48,2146
2021-09-27 09:46:57.575265-04:00,17.9,981,17.91,237,16.47,384,16.48,2146
2021-09-27 09:46:57.575265-04:00,17.9,981,17.91,237,16.47,384,16.48,2146
2021-09-27 09:46:57.575265-04:00,17.92,834,17.93,818,16.47,384,16.48,2146
2021-09-27 09:47:10.933640-04:00,17.92,834,17.93,818,16.47,1999,16.48,1107
2021-09-27 09:47:10.933640-04:00,17.92,834,17.93,818,16.47,1999,16.48,1107
2021-09-27 09:47:10.933640-04:00,17.92,834,17.93,818,16.47,1999,16.48,1107
2021-09-27 09:47:10.933640-04:00,17.94,58,17.95,1059,16.47,1999,16.48,1107
2021-09-27 09:47:17.779247-04:00,17.94,58,17.95,1059,16.47,1999,16.48,1107
2021-09-27 09:47:17.779247-04:00,17.94,58,17.95,1059,16.48,1758,16.49,2385
2021-09-27 09:47:17.779247-04:00,17.94,58,17.95,1059,16.48,1758,16.49,2385
2021-09-27 09:47:17.779247-04:00,17.94,58,17.95,1059,16.48,1758,16.49,2385
2021-09-27 09:47:17.779247-04:00,17.93,1122,17.94,318,16.48,1758,16.49,2385
2021-09-27 09:47:27.647860-04:00,17.93,1122,17.94,318,16.48,1758,16.49,2385
2021-09-27 09:47:27.647860-04:00,17.93,1122,17.94,318,16.48,1750,16.49,2401
2021-09-27 09:47:27.647860-04:00,17.93,1122,17.94,318,16.48,1750,16.49,2401
2021-09-27 09:47:27.647860-04:00,17.93,1122,17.94,318,16.48,1750,16.49,2401
2021-09-27 09:47:27.647860-04:00,17.93,1122,17.94,318,16.48,2239,16.49,1136
2021-09-27 09:47:27.647860-04:00,17.94,946,17.95,959,16.48,2239,16.49,1136
2021-09-27 09:47:37.677048-04:00,17.94,946,17.95,959,16.48,2239,16.49,1136
2021-09-27 09:47:37.677048-04:00,17.94,946,17.95,959,16.48,2239,16.49,1136
2021-09-27 09:47:37.677048-04:00,17.93,2092,17.94,210,16.48,2239,16.49,1136
2021-09-27 09:47:37.677048-04:00,17.93,2092,17.94,210,16.48,1859,16.49,1389
2021-09-27 09:47:37.677048-04:00,17.93,2092,17.94,210,16.48,1859,16.49,1389
2021-09-27 09:47:37.677048-04:00,17.93,2092,17.94,210,16.48,1859,16.49,1389
2021-09-27 09:47:56.692232-04:00,17.93,2092,17.94,210,16.48,1859,16.49,1389
2021-09-27 09:47:56.692232-04:00,17.93,2092,17.94,210,16.48,1859,16.49,1389
2021-09-27 09:47:56.692232-04:00,17.93,747,17.94,710,16.48,1859,16.49,1389
2021-09-27 09:47:56.692232-04:00,17.93,747,17.94,710,16.48,1858,16.49,1880
2021-09-27 09:47:56.692232-04:00,17.93,747,17.94,710,16.48,1858,16.49,1880
2021-09-27 09:47:56.692232-04:00,17.93,747,17.94,710,16.48,1858,16.49,1880
2021-09-27 09:48:04.460440-04:00,17.93,747,17.94,710,16.48,1858,16.49,1880
2021-09-27 09:48:04.460440-04:00,17.93,747,17.94,710,16.48,1858,16.49,1880
2021-09-27 09:48:04.460440-04:00,17.93,747,17.94,710,16.48,1975,16.49,1819
2021-09-27 09:48:04.460440-04:00,17.93,747,17.94,710,16.48,1975,16.49,1819
2021-09-27 09:48:04.460440-04:00,17.94,218,17.95,1868,16.48,1975,16.49,1819
2021-09-27 09:48:04.460440-04:00,17.94,218,17.95,1868,16.48,1975,16.49,1819
2021-09-27 09:48:04.460440-04:00,17.94,218,17.95,1868,16.48,1975,16.49,1819
2021-09-27 09:48:04.460440-04:00,17.93,1266,17.94,273,16.48,1975,16.49,1819
2021-09-27 09:48:04.460440-04:00,17.93,1266,17.94,273,16.48,2115,16.49,1725
2021-09-27 09:48:04.460440-04:00,17.93,1266,17.94,273,16.48,2115,16.49,1725
2021-09-27 09:48:24.727255-04:00,17.93,1266,17.94,273,16.48,2115,16.49,1725
2021-09-27 09:48:24.727255-04:00,17.93,1266,17.94,273,16.48,2135,16.49,1111
2021-09-27 09:48:24.727255-04:00,17.93,1266,17.94,273,16.48,2135,16.49,1111
2021-09-27 09:48:24.727255-04:00,17.93,1266,17.94,273,16.48,2135,16.49,1111
2021-09-27 09:48:24.727255-04:00,17.93,1266,17.94,273,16.48,2135,16.49,1111
2021-09-27 09:48:24.727255-04:00,17.93,1266,17.94,273,16.48,2135,16.49,1111
2021-09-27 09:48:24.727255-04:00,17.94,779,17.95,1162,16.48,2135,16.49,1111
2021-09-27 09:48:24.727255-04:00,17.94,779,17.95,1162,16.48,2135,16.49,1111
2021-09-27 09:48:32.736838-04:00,17.94,779,17.95,1162,16.48,2135,16.49,1111
2021-09-27 09:48:32.736838-04:00,17.93,385,17.94,1497,16.48,2135,16.49,1111
2021-09-27 09:48:32.736838-04:00,17.93,385,17.94,1497,16.48,1936,16.49,2028
2021-09-27 09:48:36.740135-04:00,17.93,385,17.94,1497,16.48,1936,16.49,2028
2021-09-27 09:48:47.753702-04:00,17.93,385,17.94,1497,16.48,1936,16.49,2028
2021-09-27 09:48:47.753702-04:00,17.94,1029,17.95,553,16.48,1936,16.49,2028
2021-09-27 09:48:47.753702-04:00,17.94,1029,17.95,553,16.48,2459,16.49,1070
2021-09-27 09:48:47.753702-04:00,17.94,1029,17.95,553,16.48,2459,16.49,1070
2021-09-27 09:48:47.753702-04:00,17.94,1029,17.95,553,16.48,2459,16.49,1070
2021-09-27 09:48:48.756009-04:00,17.94,1029,17.95,553,16.48,2459,16.49,1070
2021-09-27 09:48:48.756009-04:00,17.94,1029,17.95,553,16.48,2459,16.49,1070
2021-09-27 09:48:48.756009-04:00,17.94,1029,17.95,553,16.48,2459,16.49,1070
2021-09-27 09:48:57.990321-04:00,17.94,1029,17.95,553,16.48,2459,16.49,1070
2021-09-27 09:48:57.990321-04:00,17.94,699,17.95,960,16.48,2459,16.49,1070
2021-09-27 09:48:57.990321-04:00,17.94,699,17.95,960,16.48,2407,16.49,1118
2021-09-27 09:48:57.990321-04:00,17.94,699,17.95,960,16.48,2407,16.49,1118
2021-09-27 09:48:57.990321-04:00,17.94,699,17.95,960,16.48,2407,16.49,1118
2021-09-27 09:48:57.990321-04:00,17.94,699,17.95,960,16.48,2211,16.49,1695
2021-09-27 09:49:07.736267-04:00,17.94,699,17.95,960,16.48,2211,16.49,1695
2021-09-27 09:49:07.736267-04:00,17.94,6,17.95,1812,16.48,2211,16.49,1695
2021-09-27 09:49:07.736267-04:00,17.94,6,17.95,1812,16.48,2211,16.49,1695
2021-09-27 09:49:17.746503-04:00,17.94,6,17.95,1812,16.48,2211,16.49,1695
2021-09-27 09:49:17.746503-04:00,17.93,732,17.94,1509,16.48,2211,16.49,1695
2021-09-27 09:49:17.746503-04:00,17.93,732,17.94,1509,16.48,2106,16.49,1952
2021-09-27 09:49:17.746503-04:00,17.93,732,17.94,1509,16.48,2106,16.49,1952
2021-09-27 09:49:17.746503-04:00,17.93,732,17.94,1509,16.48,2106,16.49,1952
2021-09-27 09:49:27.756740-04:00,17.93,732,17.94,1509,16.48,2106,16.49,1952
2021-09-27 09:49:27.756740-04:00,17.94,780,17.95,1152,16.48,2106,16.49,1952
2021-09-27 09:49:27.756740-04:00,17.94,780,17.95,1152,16.48,2529,16.49,1069
2021-09-27 09:49:27.756740-04:00,17.94,780,17.95,1152,16.48,2529,16.49,1069
2021-09-27 09:49:27.756740-04:00,17.94,780,17.95,1152,16.48,2529,16.49,1069
2021-09-27 09:49:27.756740-04:00,17.94,780,17.95,1152,16.48,2529,16.49,1069
2021-09-27 09:49:27.756740-04:00,17.94,780,17.95,1152,16.48,2529,16.49,1069
2021-09-27 09:49:38.133995-04:00,17.94,780,17.95,1152,16.48,2529,16.49,1069
2021-09-27 09:49:38.133995-04:00,17.95,996,17.96,150,16.48,2529,16.49,1069
2021-09-27 09:49:38.133995-04:00,17.95,996,17.96,150,16.49,2077,16.5,1999
2021-09-27 09:49:38.133995-04:00,17.95,996,17.96,150,16.49,2077,16.5,1999
2021-09-27 09:49:38.133995-04:00,17.95,996,17.96,150,16.49,2077,16.5,1999
2021-09-27 09:49:44.523909-04:00,17.95,996,17.96,150,16.49,2077,16.5,1999
2021-09-27 09:49:47.778210-04:00,17.95,996,17.96,150,16.49,2077,16.5,1999
2021-09-27 09:49:47.778210-04:00,17.96,479,17.97,1210,16.49,2077,16.5,1999
2021-09-27 09:49:47.778210-04:00,17.96,479,17.97,1210,16.49,2071,16.5,1247
2021-09-27 09:49:51.477320-04:00,17.96,479,17.97,1210,16.49,2071,16.5,1247
2021-09-27 09:49:51.477320-04:00,17.96,479,17.97,1210,16.49,2071,16.5,1247
2021-09-27 09:49:51.477320-04:00,17.96,479,17.97,1210,16.49,2071,16.5,1247
2021-09-27 09:49:57.789444-04:00,17.96,479,17.97,1210,16.49,2071,16.5,1247
2021-09-27 09:49:57.789444-04:00,17.96,721,17.97,375,16.49,2446,16.5,512
2021-09-27 09:49:57.789444-04:00,17.96,721,17.97,375,16.49,2446,16.5,512
2021-09-27 09:49:57.789444-04:00,17.96,721,17.97,375,16.49,2446,16.5,512
2021-09-27 09:49:57.789444-04:00,17.96,721,17.97,375,16.49,2446,16.5,512
2021-09-27 09:49:57.789444-04:00,17.96,721,17.97,375,16.49,856,16.5,2666
2021-09-27 09:50:07.550347-04:00,17.95,478,17.96,1548,16.49,856,16.5,2666
2021-09-27 09:50:07.550347-04:00,17.95,478,17.96,1548,16.49,856,16.5,2666
2021-09-27 09:50:07.550347-04:00,17.95,478,17.96,1548,16.49,856,16.5,2666
2021-09-27 09:50:07.550347-04:00,17.95,478,17.96,1548,16.49,856,16.5,2666
2021-09-27 09:50:07.550347-04:00,17.95,478,17.96,1548,16.49,856,16.5,2666
2021-09-27 09:50:07.550347-04:00,17.95,478,17.96,1548,16.49,856,16.5,2666
2021-09-27 09:50:07.550347-04:00,17.95,478,17.96,1548,16.49,29,16.5,3962
2021-09-27 09:50:18.346577-04:00,17.94,197,17.95,1619,16.49,29,16.5,3962
2021-09-27 09:50:18.346577-04:00,17.94,197,17.95,1619,16.49,29,16.5,3962
2021-09-27 09:50:18.346577-04:00,17.94,197,17.95,1619,16.49,29,16.5,3962
2021-09-27 09:50:18.346577-04:00,17.94,197,17.95,1619,16.49,29,16.5,3962
2021-09-27 09:50:18.346577-04:00,17.94,197,17.95,1619,16.48,2346,16.49,1407
2021-09-27 09:50:18.346577-04:00,17.94,182,17.95,1422,16.48,2346,16.49,1407
2021-09-27 09:50:26.574483-04:00,17.94,182,17.95,1422,16.48,2346,16.49,1407
2021-09-27 09:50:26.574483-04:00,17.94,182,17.95,1422,16.49,32,16.5,3807
2021-09-27 09:50:26.574483-04:00,17.94,633,17.95,1260,16.49,32,16.5,3807
2021-09-27 09:50:37.585047-04:00,17.94,633,17.95,1260,16.49,32,16.5,3807
2021-09-27 09:50:37.585047-04:00,17.94,633,17.95,1260,16.49,32,16.5,3807
2021-09-27 09:50:37.585047-04:00,17.94,633,17.95,1260,16.49,32,16.5,3807
2021-09-27 09:50:37.585047-04:00,17.94,633,17.95,1260,16.49,32,16.5,3807
2021-09-27 09:50:37.585047-04:00,17.94,633,17.95,1260,16.49,32,16.5,3807
2021-09-27 09:50:37.585047-04:00,17.94,633,17.95,1260,16.49,32,16.5,3807
2021-09-27 09:50:37.585047-04:00,17.94,633,17.95,1260,16.49,1977,16.5,2785
2021-09-27 09:50:47.783777-04:00,17.94,633,17.95,1260,16.49,1977,16.5,2785
2021-09-27 09:50:47.783777-04:00,17.95,1115,17.96,688,16.49,1977,16.5,2785
2021-09-27 09:50:47.783777-04:00,17.95,1115,17.96,688,16.49,1977,16.5,2785
2021-09-27 09:50:48.533773-04:00,17.95,1115,17.96,688,16.49,1977,16.5,2785
2021-09-27 09:50:48.533773-04:00,17.95,1115,17.96,688,16.49,1977,16.5,2785
2021-09-27 09:50:58.465222-04:00,17.95,1115,17.96,688,16.49,1977,16.5,2785
2021-09-27 09:50:58.470376-04:00,17.95,1115,17.96,688,16.49,1849,16.5,2752
2021-09-27 09:50:58.470376-04:00,17.95,979,17.96,1103,16.49,1849,16.5,2752
2021-09-27 09:50:58.470376-04:00,17.95,979,17.96,1103,16.49,1849,16.5,2752
2021-09-27 09:50:58.470376-04:00,17.95,979,17.96,1103,16.49,1849,16.5,2752
2021-09-27 09:50:58.470376-04:00,17.95,979,17.96,1103,16.49,1849,16.5,2752
2021-09-27 09:50:58.470376-04:00,17.95,979,17.96,1103,16.49,772,16.5,2769
2021-09-27 09:51:07.554919-04:00,17.95,979,17.96,1103,16.49,772,16.5,2769
2021-09-27 09:51:07.554919-04:00,17.95,210,17.96,1496,16.49,772,16.5,2769
2021-09-27 09:51:07.554919-04:00,17.95,210,17.96,1496,16.49,772,16.5,2769
2021-09-27 09:51:07.554919-04:00,17.95,210,17.96,1496,16.49,772,16.5,2769
2021-09-27 09:51:07.554919-04:00,17.95,210,17.96,1496,16.49,772,16.5,2769
2021-09-27 09:51:16.563831-04:00,17.95,210,17.96,1496,16.48,2889,16.49,1032
2021-09-27 09:51:17.566153-04:00,17.95,210,17.96,1496,16.48,2889,16.49,1032
2021-09-27 09:51:17.566153-04:00,17.94,221,17.95,1140,16.48,2889,16.49,1032
2021-09-27 09:51:17.566153-04:00,17.94,221,17.95,1140,16.48,2889,16.49,1032
2021-09-27 09:51:27.576389-04:00,17.94,221,17.95,1140,16.48,2889,16.49,1032
2021-09-27 09:51:27.576389-04:00,17.94,221,17.95,1140,16.49,2336,16.5,3402
2021-09-27 09:51:27.576389-04:00,17.95,199,17.96,1881,16.49,2336,16.5,3402
2021-09-27 09:51:27.576389-04:00,17.95,199,17.96,1881,16.49,2336,16.5,3402
2021-09-27 09:51:27.576389-04:00,17.95,199,17.96,1881,16.49,2336,16.5,3402
2021-09-27 09:51:27.576389-04:00,17.95,199,17.96,1881,16.49,2336,16.5,3402
2021-09-27 09:51:38.624850-04:00,17.95,199,17.96,1881,16.49,2336,16.5,3402
2021-09-27 09:51:38.624850-04:00,17.95,199,17.96,1881,16.49,2336,16.5,3402
2021-09-27 09:51:38.624850-04:00,17.96,778,17.97,1385,16.49,2653,16.5,2228
2021-09-27 09:51:38.624850-04:00,17.96,778,17.97,1385,16.49,2653,16.5,2228
2021-09-27 09:51:38.624850-04:00,17.96,778,17.97,1385,16.49,2653,16.5,2228
2021-09-27 09:51:47.598857-04:00,17.96,778,17.97,1385,16.49,2307,16.5,2199
2021-09-27 09:51:47.598857-04:00,17.95,2524,17.96,148,16.49,2307,16.5,2199
2021-09-27 09:51:57.610090-04:00,17.95,2524,17.96,148,16.49,2307,16.5,2199
2021-09-27 09:51:57.610090-04:00,17.95,2524,17.96,148,16.49,2282,16.5,1627
2021-09-27 09:51:57.610090-04:00,17.95,1791,17.96,338,16.49,2282,16.5,1627
2021-09-27 09:51:57.610090-04:00,17.95,1791,17.96,338,16.49,2282,16.5,1627
2021-09-27 09:51:57.610090-04:00,17.95,1791,17.96,338,16.49,2282,16.5,1627
2021-09-27 09:51:57.610090-04:00,17.95,1791,17.96,338,16.49,2282,16.5,1627
2021-09-27 09:51:57.610090-04:00,17.95,1791,17.96,338,16.49,2282,16.5,1627
2021-09-27 09:52:07.622320-04:00,17.95,1791,17.96,338,16.49,2282,16.5,1627
2021-09-27 09:52:07.622320-04:00,17.95,1791,17.96,338,16.49,2303,16.5,2211
2021-09-27 09:52:07.622320-04:00,17.96,198,17.97,1777,16.49,2303,16.5,2211
2021-09-27 09:52:07.622320-04:00,17.96,198,17.97,1777,16.49,2303,16.5,2211
2021-09-27 09:52:07.622320-04:00,17.96,198,17.97,1777,16.49,2303,16.5,2211
2021-09-27 09:52:07.622320-04:00,17.96,198,17.97,1777,16.49,2303,16.5,2211
2021-09-27 09:52:19.224213-04:00,17.96,198,17.97,1777,16.49,2303,16.5,2211
2021-09-27 09:52:19.224213-04:00,17.96,198,17.97,1777,16.49,2303,16.5,2211
2021-09-27 09:52:19.226210-04:00,17.96,208,17.97,1401,16.49,2893,16.5,2029
2021-09-27 09:52:19.635119-04:00,17.96,208,17.97,1401,16.49,2893,16.5,2029
2021-09-27 09:52:25.642055-04:00,17.96,208,17.97,1401,16.49,2893,16.5,2029
2021-09-27 09:52:25.642055-04:00,17.96,208,17.97,1401,16.49,2391,16.5,2216
2021-09-27 09:52:25.642055-04:00,17.96,205,17.97,1752,16.49,2391,16.5,2216
2021-09-27 09:52:25.642055-04:00,17.96,205,17.97,1752,16.49,2391,16.5,2216
2021-09-27 09:52:37.656933-04:00,17.96,963,17.97,1112,16.49,3024,16.5,1501
2021-09-27 09:52:37.656933-04:00,17.96,963,17.97,1112,16.49,3024,16.5,1501
2021-09-27 09:52:37.656933-04:00,17.96,963,17.97,1112,16.49,3024,16.5,1501
2021-09-27 09:52:37.656933-04:00,17.96,963,17.97,1112,16.49,3024,16.5,1501
2021-09-27 09:52:37.656933-04:00,17.96,963,17.97,1112,16.49,3024,16.5,1501
2021-09-27 09:52:47.667168-04:00,17.96,963,17.97,1112,16.49,3024,16.5,1501
2021-09-27 09:52:47.667168-04:00,17.96,963,17.97,1112,16.49,2840,16.5,1494
2021-09-27 09:52:47.667168-04:00,17.96,710,17.97,1270,16.49,2840,16.5,1494
2021-09-27 09:52:48.668491-04:00,17.96,710,17.97,1270,16.49,2840,16.5,1494
2021-09-27 09:52:48.668491-04:00,17.96,710,17.97,1270,16.49,2840,16.5,1494
2021-09-27 09:52:48.668491-04:00,17.96,710,17.97,1270,16.49,2840,16.5,1494
2021-09-27 09:53:00.805323-04:00,17.96,710,17.97,1270,16.49,2840,16.5,1494
2021-09-27 09:53:00.805323-04:00,17.96,710,17.97,1270,16.49,2159,16.5,2254
2021-09-27 09:53:00.805323-04:00,17.96,144,17.97,2035,16.49,2159,16.5,2254
2021-09-27 09:53:00.805323-04:00,17.96,144,17.97,2035,16.49,2159,16.5,2254
2021-09-27 09:53:09.210850-04:00,17.96,144,17.97,2035,16.49,2159,16.5,2254
2021-09-27 09:53:09.210850-04:00,17.95,723,17.96,1808,16.49,2159,16.5,2254
2021-09-27 09:53:09.210850-04:00,17.95,723,17.96,1808,16.49,2050,16.5,2801
2021-09-27 09:53:09.210850-04:00,17.95,723,17.96,1808,16.49,2050,16.5,2801
2021-09-27 09:53:09.210850-04:00,17.95,723,17.96,1808,16.49,2050,16.5,2801
2021-09-27 09:53:09.210850-04:00,17.95,723,17.96,1808,16.49,2050,16.5,2801
2021-09-27 09:53:18.274627-04:00,17.95,723,17.96,1808,16.49,2050,16.5,2801
2021-09-27 09:53:18.274627-04:00,17.95,723,17.96,1808,16.49,2050,16.5,2801
2021-09-27 09:53:18.274627-04:00,17.95,723,17.96,1808,16.49,2050,16.5,2801
2021-09-27 09:53:18.274627-04:00,17.94,1239,17.95,668,16.49,2050,16.5,2801
2021-09-27 09:53:18.274627-04:00,17.94,1239,17.95,668,16.49,71,16.5,3517
2021-09-27 09:53:18.274627-04:00,17.94,1239,17.95,668,16.49,71,16.5,3517
2021-09-27 09:53:27.539839-04:00,17.94,1239,17.95,668,16.49,71,16.5,3517
2021-09-27 09:53:27.539839-04:00,17.94,1239,17.95,668,16.49,71,16.5,3517
2021-09-27 09:53:27.539839-04:00,17.94,1239,17.95,668,16.49,71,16.5,3517
2021-09-27 09:53:27.539839-04:00,17.94,1239,17.95,668,16.49,378,16.5,3302
2021-09-27 09:53:27.539839-04:00,17.94,2424,17.95,135,16.49,378,16.5,3302
2021-09-27 09:53:40.880219-04:00,17.94,2424,17.95,135,16.49,378,16.5,3302
2021-09-27 09:53:40.880219-04:00,17.94,2424,17.95,135,16.49,44,16.5,4115
2021-09-27 09:53:40.880219-04:00,17.94,365,17.95,1431,16.49,44,16.5,4115
2021-09-27 09:53:40.880219-04:00,17.94,365,17.95,1431,16.49,44,16.5,4115
2021-09-27 09:53:40.880219-04:00,17.94,365,17.95,1431,16.49,44,16.5,4115
2021-09-27 09:53:40.880219-04:00,17.94,365,17.95,1431,16.49,44,16.5,4115
2021-09-27 09:53:40.880219-04:00,17.94,283,17.95,1949,16.48,2834,16.49,2207
2021-09-27 09:53:49.190000-04:00,17.94,283,17.95,1949,16.48,2834,16.49,2207
2021-09-27 09:53:59.247114-04:00,17.94,283,17.95,1949,16.48,2834,16.49,2207
2021-09-27 09:53:59.247114-04:00,17.94,331,17.95,2124,16.48,2834,16.49,2207
2021-09-27 09:53:59.247114-04:00,17.94,331,17.95,2124,16.48,3012,16.49,2355
2021-09-27 09:54:08.205177-04:00,17.94,331,17.95,2124,16.48,3012,16.49,2355
2021-09-27 09:54:08.205177-04:00,17.94,341,17.95,1810,16.48,3012,16.49,2355
2021-09-27 09:54:08.205177-04:00,17.94,341,17.95,1810,16.48,3012,16.49,2454
2021-09-27 09:54:08.205177-04:00,17.94,341,17.95,1810,16.48,3012,16.49,2454
2021-09-27 09:54:14.214114-04:00,17.94,341,17.95,1810,16.48,3012,16.49,2454
2021-09-27 09:54:14.214114-04:00,17.94,341,17.95,1810,16.48,3012,16.49,2454
2021-09-27 09:54:14.214114-04:00,17.94,341,17.95,1810,16.49,1065,16.5,3439
2021-09-27 09:54:14.214114-04:00,17.95,210,17.96,2537,16.49,1065,16.5,3439
2021-09-27 09:54:21.016926-04:00,17.95,210,17.96,2537,16.49,1065,16.5,3439
2021-09-27 09:54:21.016926-04:00,17.95,210,17.96,2537,16.49,1065,16.5,3439
2021-09-27 09:54:21.016926-04:00,17.95,210,17.96,2537,16.49,1065,16.5,3439
2021-09-27 09:54:29.232959-04:00,17.95,210,17.96,2537,16.49,1065,16.5,3439
2021-09-27 09:54:29.232959-04:00,17.96,901,17.97,1252,16.49,2736,16.5,1671
2021-09-27 09:54:29.232959-04:00,17.96,901,17.97,1252,16.49,2736,16.5,1671
2021-09-27 09:54:39.246188-04:00,17.96,901,17.97,1252,16.49,2736,16.5,1671
2021-09-27 09:54:39.246188-04:00,17.96,901,17.97,1252,16.49,2811,16.5,1592
2021-09-27 09:54:39.246188-04:00,17.96,347,17.97,1395,16.49,2811,16.5,1592
2021-09-27 09:54:39.246188-04:00,17.96,347,17.97,1395,16.49,2811,16.5,1592
2021-09-27 09:54:39.246188-04:00,17.96,347,17.97,1395,16.49,2811,16.5,1592
2021-09-27 09:54:39.246188-04:00,17.96,347,17.97,1395,16.49,2811,16.5,1592
2021-09-27 09:54:39.246188-04:00,17.96,347,17.97,1395,16.49,2811,16.5,1592
2021-09-27 09:54:39.246188-04:00,17.96,347,17.97,1395,16.49,2811,16.5,1592
2021-09-27 09:54:39.246188-04:00,17.96,347,17.97,1395,16.49,2811,16.5,1592
2021-09-27 09:54:39.246188-04:00,17.96,347,17.97,1395,16.49,2811,16.5,1592
2021-09-27 09:54:49.260418-04:00,17.96,347,17.97,1395,16.49,2811,16.5,1592
2021-09-27 09:54:49.260418-04:00,17.95,15,17.96,2618,16.49,731,16.5,3243
2021-09-27 09:54:49.260418-04:00,17.95,15,17.96,2618,16.49,731,16.5,3243
2021-09-27 09:55:01.068847-04:00,17.95,15,17.96,2618,16.49,93,16.5,3612
2021-09-27 09:55:01.068847-04:00,17.95,154,17.96,2456,16.49,93,16.5,3612
2021-09-27 09:55:01.068847-04:00,17.95,154,17.96,2456,16.49,93,16.5,3612
2021-09-27 09:55:09.286877-04:00,17.95,154,17.96,2456,16.49,93,16.5,3612
2021-09-27 09:55:09.286877-04:00,17.95,154,17.96,2456,16.49,31,16.5,4424
2021-09-27 09:55:09.286877-04:00,17.94,660,17.95,1927,16.49,31,16.5,4424
2021-09-27 09:55:09.286877-04:00,17.94,660,17.95,1927,16.49,31,16.5,4424
2021-09-27 09:55:09.286877-04:00,17.94,660,17.95,1927,16.49,31,16.5,4424
2021-09-27 09:55:16.068742-04:00,17.94,660,17.95,1927,16.49,31,16.5,4424
2021-09-27 09:55:16.068742-04:00,17.94,660,17.95,1927,16.49,31,16.5,4424
2021-09-27 09:55:16.068742-04:00,17.94,660,17.95,1927,16.49,122,16.5,3417
2021-09-27 09:55:16.068742-04:00,17.94,1981,17.95,709,16.49,122,16.5,3417
2021-09-27 09:55:20.074034-04:00,17.94,1981,17.95,709,16.49,122,16.5,3417
2021-09-27 09:55:20.074034-04:00,17.94,1981,17.95,709,16.49,122,16.5,3417
2021-09-27 09:55:20.074034-04:00,17.94,1981,17.95,709,16.49,33,16.5,4400
2021-09-27 09:55:20.074034-04:00,17.94,614,17.95,1597,16.49,33,16.5,4400
2021-09-27 09:55:20.074034-04:00,17.94,614,17.95,1597,16.49,33,16.5,4400
2021-09-27 09:55:20.074034-04:00,17.94,614,17.95,1597,16.49,33,16.5,4400
2021-09-27 09:55:41.121772-04:00,17.94,614,17.95,1597,16.49,33,16.5,4400
2021-09-27 09:55:41.121772-04:00,17.94,614,17.95,1597,16.48,2030,16.49,3298
2021-09-27 09:55:41.121772-04:00,17.93,559,17.94,1525,16.48,2030,16.49,3298
2021-09-27 09:55:49.204161-04:00,17.93,559,17.94,1525,16.48,2030,16.49,3298
2021-09-27 09:55:49.204161-04:00,17.93,559,17.94,1525,16.48,2763,16.49,2443
2021-09-27 09:55:49.204161-04:00,17.94,834,17.95,1682,16.48,2763,16.49,2443
2021-09-27 09:55:49.204161-04:00,17.94,834,17.95,1682,16.48,2763,16.49,2443
2021-09-27 09:55:49.204161-04:00,17.94,834,17.95,1682,16.48,2763,16.49,2443
2021-09-27 09:55:49.204161-04:00,17.94,834,17.95,1682,16.48,2763,16.49,2443
2021-09-27 09:55:50.205485-04:00,17.94,834,17.95,1682,16.48,2763,16.49,2443
2021-09-27 09:55:58.215068-04:00,17.94,834,17.95,1682,16.48,2763,16.49,2443
2021-09-27 09:55:58.215068-04:00,17.93,1159,17.94,1563,16.48,1977,16.49,3130
2021-09-27 09:55:58.215068-04:00,17.93,1159,17.94,1563,16.48,1977,16.49,3130
2021-09-27 09:55:58.215068-04:00,17.93,1159,17.94,1563,16.47,2247,16.48,3053
2021-09-27 09:55:58.215068-04:00,17.93,1159,17.94,1563,16.47,2247,16.48,3053
2021-09-27 09:56:09.122908-04:00,17.93,1159,17.94,1563,16.47,2247,16.48,3053
2021-09-27 09:56:09.122908-04:00,17.91,533,17.92,2127,16.47,2247,16.48,3053
2021-09-27 09:56:09.122908-04:00,17.91,533,17.92,2127,16.47,2247,16.48,3053
2021-09-27 09:56:21.225566-04:00,17.91,533,17.92,2127,16.47,2247,16.48,3053
2021-09-27 09:56:21.225566-04:00,17.91,533,17.92,2127,16.47,2247,16.48,3053
2021-09-27 09:56:21.225566-04:00,17.91,398,17.92,1769,16.47,1914,16.48,3219
2021-09-27 09:56:21.252492-04:00,17.91,398,17.92,1769,16.47,1914,16.48,3219
2021-09-27 09:56:21.252492-04:00,17.91,398,17.92,1769,16.47,1914,16.48,3219
2021-09-27 09:56:29.150379-04:00,17.91,398,17.92,1769,16.47,1914,16.48,3219
2021-09-27 09:56:29.150379-04:00,17.91,694,17.92,1301,16.47,1914,16.48,3219
2021-09-27 09:56:29.150379-04:00,17.91,694,17.92,1301,16.47,2298,16.48,3198
2021-09-27 09:56:29.150379-04:00,17.91,694,17.92,1301,16.47,2298,16.48,3198
2021-09-27 09:56:29.150379-04:00,17.91,694,17.92,1301,16.47,2298,16.48,3198
2021-09-27 09:56:29.150379-04:00,17.91,694,17.92,1301,16.47,2298,16.48,3198
2021-09-27 09:56:38.159292-04:00,17.91,694,17.92,1301,16.47,2298,16.48,3198
2021-09-27 09:56:38.159292-04:00,17.91,694,17.92,1301,16.47,2298,16.48,3198
2021-09-27 09:56:38.159292-04:00,17.92,607,17.93,1792,16.47,2298,16.48,3198
2021-09-27 09:56:38.159292-04:00,17.92,607,17.93,1792,16.47,3080,16.48,2309
2021-09-27 09:56:47.987015-04:00,17.92,607,17.93,1792,16.47,3080,16.48,2309
2021-09-27 09:56:47.987015-04:00,17.92,1090,17.93,1551,16.47,3080,16.48,2309
2021-09-27 09:56:47.987015-04:00,17.92,1090,17.93,1551,16.47,3088,16.48,594
2021-09-27 09:56:47.987015-04:00,17.92,1090,17.93,1551,16.47,3088,16.48,594
2021-09-27 09:56:47.987015-04:00,17.92,1090,17.93,1551,16.47,3088,16.48,594
2021-09-27 09:57:01.297430-04:00,17.92,1090,17.93,1551,16.47,3088,16.48,594
2021-09-27 09:57:01.297430-04:00,17.92,1734,17.93,108,16.48,510,16.49,3606
2021-09-27 09:57:01.297430-04:00,17.92,1734,17.93,108,16.48,510,16.49,3606
2021-09-27 09:57:01.297430-04:00,17.92,1734,17.93,108,16.48,510,16.49,3606
2021-09-27 09:57:08.197978-04:00,17.92,1734,17.93,108,16.48,510,16.49,3606
2021-09-27 09:57:08.197978-04:00,17.92,1734,17.93,108,16.48,2214,16.49,3636
2021-09-27 09:57:08.197978-04:00,17.93,1014,17.94,1385,16.48,2214,16.49,3636
2021-09-27 09:57:08.197978-04:00,17.93,1014,17.94,1385,16.48,2214,16.49,3636
2021-09-27 09:57:08.197978-04:00,17.93,1014,17.94,1385,16.48,2214,16.49,3636
2021-09-27 09:57:19.214430-04:00,17.93,1014,17.94,1385,16.48,2214,16.49,3636
2021-09-27 09:57:19.214430-04:00,17.93,1014,17.94,1385,16.48,839,16.49,3871
2021-09-27 09:57:19.214430-04:00,17.93,480,17.94,1812,16.48,839,16.49,3871
2021-09-27 09:57:19.214430-04:00,17.93,480,17.94,1812,16.48,839,16.49,3871
2021-09-27 09:57:20.214756-04:00,17.93,480,17.94,1812,16.48,839,16.49,3871
2021-09-27 09:57:20.214756-04:00,17.93,480,17.94,1812,16.48,839,16.49,3871
2021-09-27 09:57:20.214756-04:00,17.93,480,17.94,1812,16.48,839,16.49,3871
2021-09-27 09:57:29.228656-04:00,17.93,480,17.94,1812,16.48,839,16.49,3871
2021-09-27 09:57:29.228656-04:00,17.93,480,17.94,1812,16.48,2128,16.49,3673
2021-09-27 09:57:29.228656-04:00,17.93,532,17.94,1694,16.48,2128,16.49,3673
2021-09-27 09:57:29.228656-04:00,17.93,532,17.94,1694,16.48,2128,16.49,3673
2021-09-27 09:57:29.228656-04:00,17.93,532,17.94,1694,16.48,2128,16.49,3673
2021-09-27 09:57:41.384198-04:00,17.93,1073,17.94,1071,16.48,2392,16.49,3152
2021-09-27 09:57:41.384198-04:00,17.93,1073,17.94,1071,16.48,2392,16.49,3152
2021-09-27 09:57:49.255155-04:00,17.93,1073,17.94,1071,16.48,2392,16.49,3152
2021-09-27 09:57:49.255155-04:00,17.93,1073,17.94,1071,16.48,2431,16.49,3298
2021-09-27 09:57:49.255155-04:00,17.93,1002,17.94,1244,16.48,2431,16.49,3298
2021-09-27 09:57:49.255155-04:00,17.93,1002,17.94,1244,16.48,2431,16.49,3298
2021-09-27 09:57:59.267335-04:00,17.93,1002,17.94,1244,16.48,2431,16.49,3298
2021-09-27 09:57:59.267335-04:00,17.93,1002,17.94,1244,16.48,2204,16.49,3477
2021-09-27 09:57:59.267335-04:00,17.93,1002,17.94,1244,16.48,2204,16.49,3477
2021-09-27 09:57:59.267335-04:00,17.93,608,17.94,1617,16.48,2204,16.49,3477
2021-09-27 09:57:59.267335-04:00,17.93,608,17.94,1617,16.48,2204,16.49,3477
2021-09-27 09:58:08.279232-04:00,17.93,608,17.94,1617,16.48,2204,16.49,3477
2021-09-27 09:58:08.279232-04:00,17.93,608,17.94,1617,16.48,2204,16.49,3477
2021-09-27 09:58:08.279232-04:00,17.92,1250,17.93,608,16.48,161,16.49,3969
2021-09-27 09:58:08.279232-04:00,17.92,1250,17.93,608,16.48,161,16.49,3969
2021-09-27 09:58:08.279232-04:00,17.92,1250,17.93,608,16.48,161,16.49,3969
2021-09-27 09:58:08.279232-04:00,17.92,1250,17.93,608,16.48,161,16.49,3969
2021-09-27 09:58:21.464980-04:00,17.92,1250,17.93,608,16.48,161,16.49,3969
2021-09-27 09:58:21.464980-04:00,17.92,1250,17.93,608,16.48,102,16.49,4776
2021-09-27 09:58:21.464980-04:00,17.92,749,17.93,1990,16.48,102,16.49,4776
2021-09-27 09:58:22.049417-04:00,17.92,749,17.93,1990,16.48,102,16.49,4776
2021-09-27 09:58:29.309008-04:00,17.92,749,17.93,1990,16.48,102,16.49,4776
2021-09-27 09:58:29.309008-04:00,17.92,442,17.93,2261,16.47,2939,16.48,2078
2021-09-27 09:58:29.309008-04:00,17.92,442,17.93,2261,16.47,2939,16.48,2078
2021-09-27 09:58:36.067995-04:00,17.92,442,17.93,2261,16.47,2939,16.48,2078
2021-09-27 09:58:36.067995-04:00,17.92,442,17.93,2261,16.47,2711,16.48,3377
2021-09-27 09:58:36.067995-04:00,17.92,442,17.93,2261,16.47,2711,16.48,3377
2021-09-27 09:58:36.067995-04:00,17.91,378,17.92,1922,16.47,2711,16.48,3377
2021-09-27 09:58:36.067995-04:00,17.91,378,17.92,1922,16.47,2711,16.48,3377
2021-09-27 09:58:36.067995-04:00,17.91,378,17.92,1922,16.47,2711,16.48,3377
2021-09-27 09:58:49.073224-04:00,17.91,378,17.92,1922,16.47,2711,16.48,3377
2021-09-27 09:58:49.073224-04:00,17.91,378,17.92,1922,16.48,2231,16.49,4175
2021-09-27 09:58:49.073224-04:00,17.92,2379,17.93,25,16.48,2231,16.49,4175
2021-09-27 09:58:49.073224-04:00,17.92,2379,17.93,25,16.48,2231,16.49,4175
2021-09-27 09:58:52.238780-04:00,17.92,2379,17.93,25,16.48,2231,16.49,4175
2021-09-27 09:58:57.194512-04:00,17.92,2379,17.93,25,16.48,2231,16.49,4175
2021-09-27 09:58:57.194512-04:00,17.92,2379,17.93,25,16.48,2231,16.49,4175
2021-09-27 09:58:57.194512-04:00,17.92,2379,17.93,25,16.48,2231,16.49,4175
2021-09-27 09:58:57.194512-04:00,17.93,1540,17.94,697,16.48,3187,16.49,3174
2021-09-27 09:59:02.202123-04:00,17.93,1540,17.94,697,16.48,3187,16.49,3174
2021-09-27 09:59:02.202123-04:00,17.93,1540,17.94,697,16.48,3187,16.49,3174
2021-09-27 09:59:02.202123-04:00,17.93,1540,17.94,697,16.48,3187,16.49,3174
2021-09-27 09:59:09.213378-04:00,17.93,1540,17.94,697,16.48,3187,16.49,3174
2021-09-27 09:59:09.213378-04:00,17.93,1540,17.94,697,16.48,3057,16.49,3623
2021-09-27 09:59:09.213378-04:00,17.93,616,17.94,1677,16.48,3057,16.49,3623
2021-09-27 09:59:09.213378-04:00,17.93,616,17.94,1677,16.48,3057,16.49,3623
2021-09-27 09:59:18.222237-04:00,17.93,616,17.94,1677,16.48,3057,16.49,3623
2021-09-27 09:59:18.222237-04:00,17.93,616,17.94,1677,16.48,3057,16.49,3623
2021-09-27 09:59:18.222237-04:00,17.93,616,17.94,1677,16.48,1919,16.49,3783
2021-09-27 09:59:18.222237-04:00,17.92,2082,17.93,278,16.48,1919,16.49,3783
2021-09-27 09:59:28.813922-04:00,17.92,2082,17.93,278,16.48,1919,16.49,3783
2021-09-27 09:59:28.813922-04:00,17.92,2082,17.93,278,16.48,1919,16.49,3783
2021-09-27 09:59:28.813922-04:00,17.92,2082,17.93,278,16.48,111,16.49,4703
2021-09-27 09:59:28.813922-04:00,17.92,1066,17.93,1883,16.48,111,16.49,4703
2021-09-27 09:59:30.236118-04:00,17.92,1066,17.93,1883,16.48,111,16.49,4703
2021-09-27 09:59:30.236118-04:00,17.92,1066,17.93,1883,16.48,111,16.49,4703
2021-09-27 09:59:30.236118-04:00,17.92,1066,17.93,1883,16.48,111,16.49,4703
2021-09-27 09:59:30.236118-04:00,17.92,1066,17.93,1883,16.47,3228,16.48,2934
2021-09-27 09:59:38.141984-04:00,17.92,1066,17.93,1883,16.47,3228,16.48,2934
2021-09-27 09:59:38.141984-04:00,17.92,168,17.93,2741,16.47,3228,16.48,2934
2021-09-27 09:59:38.141984-04:00,17.92,168,17.93,2741,16.47,3228,16.48,2934
2021-09-27 09:59:38.141984-04:00,17.92,168,17.93,2741,16.47,3228,16.48,2934
2021-09-27 09:59:49.239340-04:00,17.92,168,17.93,2741,16.47,3228,16.48,2934
2021-09-27 09:59:49.239340-04:00,17.92,168,17.93,2741,16.47,2711,16.48,3187
2021-09-27 09:59:49.239340-04:00,17.91,820,17.92,554,16.47,2711,16.48,3187
2021-09-27 09:59:55.483602-04:00,17.91,820,17.92,554,16.47,2711,16.48,3187
2021-09-27 09:59:58.250212-04:00,17.91,820,17.92,554,16.47,2711,16.48,3187
2021-09-27 09:59:58.250212-04:00,17.9,567,17.91,2182,16.47,40,16.48,4503
2021-09-27 10:00:05.258467-04:00,17.9,567,17.91,2182,16.47,40,16.48,4503
2021-09-27 10:00:05.258467-04:00,17.9,567,17.91,2182,16.47,40,16.48,4503
2021-09-27 10:00:05.258467-04:00,17.9,567,17.91,2182,16.47,40,16.48,4503
2021-09-27 10:00:05.258467-04:00,17.9,567,17.91,2182,16.47,40,16.48,4503
2021-09-27 10:00:05.258467-04:00,17.9,567,17.91,2182,16.47,974,16.48,4463
2021-09-27 10:00:05.258467-04:00,17.9,1147,17.91,747,16.47,974,16.48,4463
2021-09-27 10:00:05.258467-04:00,17.9,1147,17.91,747,16.47,974,16.48,4463
2021-09-27 10:00:05.258467-04:00,17.9,1147,17.91,747,16.47,974,16.48,4463
2021-09-27 10:00:22.192197-04:00,17.9,1147,17.91,747,16.47,974,16.48,4463
2021-09-27 10:00:22.192197-04:00,17.9,3002,17.91,32,16.47,2659,16.48,3560
2021-09-27 10:00:22.194194-04:00,17.9,3002,17.91,32,16.47,2659,16.48,3560
2021-09-27 10:00:22.194194-04:00,17.9,3002,17.91,32,16.47,2491,16.48,4027
2021-09-27 10:00:22.194194-04:00,17.9,2149,17.91,399,16.47,2491,16.48,4027
2021-09-27 10:00:29.291257-04:00,17.9,2149,17.91,399,16.47,2491,16.48,4027
2021-09-27 10:00:32.044920-04:00,17.9,2149,17.91,399,16.47,2491,16.48,4027
2021-09-27 10:00:35.550548-04:00,17.9,2149,17.91,399,16.47,2491,16.48,4027
2021-09-27 10:00:35.550548-04:00,17.9,2149,17.91,399,16.47,2491,16.48,4027
2021-09-27 10:00:35.550548-04:00,17.9,2149,17.91,399,16.47,2608,16.48,3573
2021-09-27 10:00:35.550548-04:00,17.91,793,17.92,2004,16.47,2608,16.48,3573
2021-09-27 10:00:35.550548-04:00,17.91,793,17.92,2004,16.47,2608,16.48,3573
2021-09-27 10:00:35.550548-04:00,17.91,793,17.92,2004,16.47,2608,16.48,3573
2021-09-27 10:00:49.217944-04:00,17.91,793,17.92,2004,16.47,2608,16.48,3573
2021-09-27 10:00:49.217944-04:00,17.91,793,17.92,2004,16.47,2547,16.48,4005
2021-09-27 10:00:49.217944-04:00,17.91,1411,17.92,2172,16.47,2547,16.48,4005
2021-09-27 10:01:02.258080-04:00,17.91,1411,17.92,2172,16.47,2547,16.48,4005
2021-09-27 10:01:02.258080-04:00,17.91,1836,17.92,768,16.47,2812,16.48,3921
2021-09-27 10:01:02.258080-04:00,17.91,1836,17.92,768,16.47,2812,16.48,3921
2021-09-27 10:01:02.258080-04:00,17.91,1836,17.92,768,16.47,2812,16.48,3921
2021-09-27 10:01:08.261030-04:00,17.91,1836,17.92,768,16.47,2812,16.48,3921
2021-09-27 10:01:08.261030-04:00,17.9,834,17.91,2165,16.47,2812,16.48,3921
2021-09-27 10:01:08.261030-04:00,17.9,834,17.91,2165,16.47,229,16.48,4677
2021-09-27 10:01:08.261030-04:00,17.9,834,17.91,2165,16.47,229,16.48,4677
2021-09-27 10:01:08.261030-04:00,17.9,834,17.91,2165,16.47,229,16.48,4677
2021-09-27 10:01:18.269273-04:00,17.9,834,17.91,2165,16.47,229,16.48,4677
2021-09-27 10:01:18.269273-04:00,17.9,834,17.91,2165,16.47,229,16.48,4677
2021-09-27 10:01:18.269273-04:00,17.9,834,17.91,2165,16.47,466,16.48,4755
2021-09-27 10:01:18.269273-04:00,17.9,972,17.91,669,16.47,466,16.48,4755
2021-09-27 10:01:25.278532-04:00,17.9,972,17.91,669,16.47,466,16.48,4755
2021-09-27 10:01:25.278532-04:00,17.9,972,17.91,669,16.47,466,16.48,4755
2021-09-27 10:01:25.278532-04:00,17.9,1273,17.91,494,16.47,436,16.48,4965
2021-09-27 10:01:25.278532-04:00,17.9,1273,17.91,494,16.47,436,16.48,4965
2021-09-27 10:01:25.278532-04:00,17.9,1273,17.91,494,16.47,102,16.48,6151
2021-09-27 10:01:42.369723-04:00,17.9,428,17.91,2523,16.47,102,16.48,6151
2021-09-27 10:01:42.369723-04:00,17.9,428,17.91,2523,16.47,102,16.48,6151
2021-09-27 10:01:49.311164-04:00,17.9,428,17.91,2523,16.47,102,16.48,6151
2021-09-27 10:01:49.311164-04:00,17.9,428,17.91,2523,16.46,3116,16.47,3003
2021-09-27 10:01:49.311164-04:00,17.9,428,17.91,2523,16.46,3116,16.47,3003
2021-09-27 10:01:49.311164-04:00,17.89,1131,17.9,1094,16.46,3116,16.47,3003
2021-09-27 10:01:52.064802-04:00,17.89,1131,17.9,1094,16.46,3116,16.47,3003
2021-09-27 10:01:52.064802-04:00,17.89,1131,17.9,1094,16.46,3116,16.47,3003
2021-09-27 10:01:52.064802-04:00,17.89,1131,17.9,1094,16.46,3116,16.47,3003
2021-09-27 10:01:58.071744-04:00,17.89,1131,17.9,1094,16.46,3116,16.47,3003
2021-09-27 10:01:58.071744-04:00,17.89,1131,17.9,1094,16.46,3730,16.47,65
2021-09-27 10:01:58.071744-04:00,17.9,1215,17.91,1990,16.46,3730,16.47,65
2021-09-27 10:01:58.071744-04:00,17.9,1215,17.91,1990,16.46,3730,16.47,65
2021-09-27 10:01:58.071744-04:00,17.9,1215,17.91,1990,16.46,3730,16.47,65
2021-09-27 10:01:58.071744-04:00,17.9,1215,17.91,1990,16.46,3730,16.47,65
2021-09-27 10:02:09.125189-04:00,17.9,1215,17.91,1990,16.46,3730,16.47,65
2021-09-27 10:02:09.125189-04:00,17.9,1215,17.91,1990,16.46,3699,16.47,1878
2021-09-27 10:02:09.125189-04:00,17.9,817,17.91,1823,16.46,3699,16.47,1878
2021-09-27 10:02:19.100520-04:00,17.9,817,17.91,1823,16.46,3699,16.47,1878
2021-09-27 10:02:19.100520-04:00,17.9,817,17.91,1823,16.46,3699,16.47,1878
2021-09-27 10:02:19.100520-04:00,17.9,817,17.91,1823,16.46,2889,16.47,2220
2021-09-27 10:02:19.100520-04:00,17.89,1416,17.9,141,16.46,2889,16.47,2220
2021-09-27 10:02:19.100520-04:00,17.89,1416,17.9,141,16.46,2889,16.47,2220
2021-09-27 10:02:19.100520-04:00,17.89,1416,17.9,141,16.46,2889,16.47,2220
2021-09-27 10:02:19.100520-04:00,17.89,1416,17.9,141,16.46,2889,16.47,2220
2021-09-27 10:02:28.112427-04:00,17.89,1416,17.9,141,16.46,2889,16.47,2220
2021-09-27 10:02:28.112427-04:00,17.89,1416,17.9,141,16.46,2889,16.47,2220
2021-09-27 10:02:28.112427-04:00,17.89,1416,17.9,141,16.46,2401,16.47,3374
2021-09-27 10:02:28.112427-04:00,17.89,628,17.9,2168,16.46,2401,16.47,3374
2021-09-27 10:02:39.133022-04:00,17.89,628,17.9,2168,16.46,2401,16.47,3374
2021-09-27 10:02:39.133022-04:00,17.89,628,17.9,2168,16.46,2401,16.47,3374
2021-09-27 10:02:39.133022-04:00,17.89,628,17.9,2168,16.46,1430,16.47,3589
2021-09-27 10:02:39.133022-04:00,17.89,628,17.9,2168,16.46,1430,16.47,3589
2021-09-27 10:02:39.133022-04:00,17.88,1327,17.89,868,16.46,1430,16.47,3589
2021-09-27 10:02:39.133022-04:00,17.88,1327,17.89,868,16.46,1430,16.47,3589
2021-09-27 10:02:39.133022-04:00,17.88,1327,17.89,868,16.46,1430,16.47,3589
2021-09-27 10:02:39.133022-04:00,17.87,2003,17.88,407,16.46,21,16.47,4374
2021-09-27 10:02:49.197092-04:00,17.87,2003,17.88,407,16.46,21,16.47,4374
2021-09-27 10:02:49.197092-04:00,17.87,2003,17.88,407,16.46,21,16.47,4374
2021-09-27 10:02:49.197092-04:00,17.87,2003,17.88,407,16.46,21,16.47,4374
2021-09-27 10:02:49.197092-04:00,17.87,2003,17.88,407,16.46,21,16.47,4374
2021-09-27 10:02:59.149498-04:00,17.87,2003,17.88,407,16.46,21,16.47,4374
2021-09-27 10:02:59.149498-04:00,17.87,2003,17.88,407,16.46,108,16.47,4016
2021-09-27 10:02:59.149498-04:00,17.88,998,17.89,1127,16.46,108,16.47,4016
2021-09-27 10:02:59.149498-04:00,17.88,998,17.89,1127,16.46,108,16.47,4016
2021-09-27 10:02:59.149498-04:00,17.88,998,17.89,1127,16.46,108,16.47,4016
2021-09-27 10:03:09.162713-04:00,17.88,998,17.89,1127,16.46,108,16.47,4016
2021-09-27 10:03:09.162713-04:00,17.88,998,17.89,1127,16.46,108,16.47,4016
2021-09-27 10:03:09.162713-04:00,17.88,998,17.89,1127,16.46,15,16.47,5824
2021-09-27 10:03:09.162713-04:00,17.87,994,17.88,1449,16.46,15,16.47,5824
2021-09-27 10:03:12.164704-04:00,17.87,994,17.88,1449,16.46,15,16.47,5824
2021-09-27 10:03:12.164704-04:00,17.87,994,17.88,1449,16.46,16,16.47,5732
2021-09-27 10:03:19.173883-04:00,17.87,994,17.88,1449,16.46,16,16.47,5732
2021-09-27 10:03:19.173883-04:00,17.87,841,17.88,1677,16.46,16,16.47,5732
2021-09-27 10:03:19.173883-04:00,17.87,841,17.88,1677,16.46,16,16.47,5732
2021-09-27 10:03:19.173883-04:00,17.87,841,17.88,1677,16.46,16,16.47,5344
2021-09-27 10:03:29.298795-04:00,17.87,841,17.88,1677,16.46,16,16.47,5344
2021-09-27 10:03:29.298795-04:00,17.87,841,17.88,1677,16.46,16,16.47,5344
2021-09-27 10:03:29.298795-04:00,17.87,744,17.88,1705,16.46,16,16.47,5344
2021-09-27 10:03:29.298795-04:00,17.87,744,17.88,1705,16.46,16,16.47,5344
2021-09-27 10:03:29.298795-04:00,17.87,744,17.88,1705,16.46,16,16.47,5344
2021-09-27 10:03:32.189109-04:00,17.87,744,17.88,1705,16.46,16,16.47,5344
2021-09-27 10:03:32.189109-04:00,17.87,744,17.88,1705,16.46,16,16.47,5344
2021-09-27 10:03:38.197065-04:00,17.87,744,17.88,1705,16.46,16,16.47,5344
2021-09-27 10:03:38.197065-04:00,17.87,744,17.88,1705,16.45,1724,16.46,4364
2021-09-27 10:03:38.197065-04:00,17.86,741,17.87,1933,16.45,1724,16.46,4364
2021-09-27 10:03:38.197065-04:00,17.86,741,17.87,1933,16.45,1724,16.46,4364
2021-09-27 10:03:38.197065-04:00,17.86,741,17.87,1933,16.45,1724,16.46,4364
2021-09-27 10:03:49.210602-04:00,17.86,741,17.87,1933,16.45,1724,16.46,4364
2021-09-27 10:03:49.210602-04:00,17.86,741,17.87,1933,16.45,1724,16.46,4364
2021-09-27 10:03:49.210602-04:00,17.86,741,17.87,1933,16.45,60,16.46,5376
2021-09-27 10:03:49.210602-04:00,17.85,855,17.86,1865,16.45,60,16.46,5376
2021-09-27 10:03:49.211601-04:00,17.85,855,17.86,1865,16.45,60,16.46,5376
2021-09-27 10:03:49.211601-04:00,17.85,855,17.86,1865,16.45,60,16.46,5376
2021-09-27 10:03:49.211601-04:00,17.85,855,17.86,1865,16.45,60,16.46,5376
2021-09-27 10:03:49.211601-04:00,17.85,855,17.86,1865,16.45,60,16.46,5376
2021-09-27 10:03:59.221835-04:00,17.85,855,17.86,1865,16.45,60,16.46,5376
2021-09-27 10:03:59.221835-04:00,17.85,855,17.86,1865,16.44,1645,16.45,4345
2021-09-27 10:03:59.221835-04:00,17.84,551,17.85,2094,16.44,1645,16.45,4345
2021-09-27 10:03:59.221835-04:00,17.84,551,17.85,2094,16.44,1645,16.45,4345
2021-09-27 10:04:09.410647-04:00,17.84,551,17.85,2094,16.44,2923,16.45,3564
2021-09-27 10:04:09.410647-04:00,17.84,2015,17.85,911,16.44,2923,16.45,3564
2021-09-27 10:04:19.246350-04:00,17.84,2015,17.85,911,16.44,2923,16.45,3564
2021-09-27 10:04:19.246350-04:00,17.84,2015,17.85,911,16.44,2923,16.45,3564
2021-09-27 10:04:19.246350-04:00,17.84,2015,17.85,911,16.44,2923,16.45,3564
2021-09-27 10:04:19.246350-04:00,17.84,2015,17.85,911,16.44,90,16.45,4723
2021-09-27 10:04:19.246350-04:00,17.84,2015,17.85,911,16.44,90,16.45,4723
2021-09-27 10:04:19.246350-04:00,17.83,1750,17.84,1250,16.44,90,16.45,4723
2021-09-27 10:04:19.246350-04:00,17.83,1750,17.84,1250,16.44,90,16.45,4723
2021-09-27 10:04:19.246350-04:00,17.83,1750,17.84,1250,16.44,90,16.45,4723
2021-09-27 10:04:27.255936-04:00,17.83,1750,17.84,1250,16.44,90,16.45,4723
2021-09-27 10:04:27.255936-04:00,17.83,1750,17.84,1250,16.44,90,16.45,4723
2021-09-27 10:04:27.255936-04:00,17.83,1750,17.84,1250,16.44,90,16.45,4723
2021-09-27 10:04:27.255936-04:00,17.83,1750,17.84,1250,16.44,1885,16.45,4090
2021-09-27 10:04:27.255936-04:00,17.84,984,17.85,2007,16.44,1885,16.45,4090
2021-09-27 10:04:27.255936-04:00,17.84,984,17.85,2007,16.44,1885,16.45,4090
2021-09-27 10:04:39.203035-04:00,17.84,984,17.85,2007,16.44,1885,16.45,4090
2021-09-27 10:04:39.203035-04:00,17.84,984,17.85,2007,16.44,1885,16.45,4090
2021-09-27 10:04:39.203035-04:00,17.84,984,17.85,2007,16.44,2551,16.45,4071
2021-09-27 10:04:39.203035-04:00,17.84,984,17.85,2007,16.44,2551,16.45,4071
2021-09-27 10:04:39.203035-04:00,17.84,1017,17.85,1739,16.44,2551,16.45,4071
2021-09-27 10:04:39.203035-04:00,17.84,1017,17.85,1739,16.44,2551,16.45,4071
2021-09-27 10:04:39.203035-04:00,17.84,1017,17.85,1739,16.44,2551,16.45,4071
2021-09-27 10:04:49.507528-04:00,17.84,1017,17.85,1739,16.44,2551,16.45,4071
2021-09-27 10:04:49.507528-04:00,17.84,740,17.85,1821,16.44,2551,16.45,4071
2021-09-27 10:04:49.507528-04:00,17.84,740,17.85,1821,16.44,928,16.45,4074
2021-09-27 10:04:49.507528-04:00,17.84,740,17.85,1821,16.44,928,16.45,4074
2021-09-27 10:04:59.227540-04:00,17.84,740,17.85,1821,16.44,928,16.45,4074
2021-09-27 10:04:59.227540-04:00,17.84,733,17.85,1717,16.44,928,16.45,4074
2021-09-27 10:04:59.227540-04:00,17.84,733,17.85,1717,16.44,2139,16.45,4402
2021-09-27 10:04:59.227540-04:00,17.84,733,17.85,1717,16.44,2139,16.45,4402
2021-09-27 10:04:59.227540-04:00,17.84,733,17.85,1717,16.44,2139,16.45,4402
2021-09-27 10:05:09.259751-04:00,17.84,733,17.85,1717,16.44,2139,16.45,4402
2021-09-27 10:05:09.259751-04:00,17.83,262,17.84,3708,16.44,2139,16.45,4402
2021-09-27 10:05:09.259751-04:00,17.83,262,17.84,3708,16.43,1323,16.44,3785
2021-09-27 10:05:19.122370-04:00,17.83,262,17.84,3708,16.43,1323,16.44,3785
2021-09-27 10:05:19.122370-04:00,17.83,262,17.84,3708,16.43,1323,16.44,3785
2021-09-27 10:05:19.122370-04:00,17.82,2223,17.83,269,16.43,1323,16.44,3785
2021-09-27 10:05:19.122370-04:00,17.82,2223,17.83,269,16.43,3322,16.44,3626
2021-09-27 10:05:19.122370-04:00,17.82,2223,17.83,269,16.43,3322,16.44,3626
2021-09-27 10:05:19.122370-04:00,17.82,2223,17.83,269,16.43,3322,16.44,3626
2021-09-27 10:05:29.604493-04:00,17.82,2223,17.83,269,16.43,3322,16.44,3626
2021-09-27 10:05:29.604493-04:00,17.81,667,17.82,1741,16.43,43,16.44,5681
2021-09-27 10:05:29.604493-04:00,17.81,667,17.82,1741,16.43,43,16.44,5681
2021-09-27 10:05:29.604493-04:00,17.81,667,17.82,1741,16.43,43,16.44,5681
2021-09-27 10:05:39.214664-04:00,17.81,515,17.82,2215,16.43,43,16.44,5681
2021-09-27 10:05:39.214664-04:00,17.81,515,17.82,2215,16.43,5,16.44,6468
2021-09-27 10:05:39.214664-04:00,17.81,515,17.82,2215,16.43,5,16.44,6468
2021-09-27 10:05:39.214664-04:00,17.81,515,17.82,2215,16.43,5,16.44,6468
2021-09-27 10:05:39.214664-04:00,17.81,515,17.82,2215,16.43,5,16.44,6468
2021-09-27 10:05:49.225884-04:00,17.81,515,17.82,2215,16.43,5,16.44,6468
2021-09-27 10:05:49.225884-04:00,17.81,579,17.82,2180,16.43,5,16.44,6468
2021-09-27 10:05:49.225884-04:00,17.81,579,17.82,2180,16.42,4187,16.43,2371
2021-09-27 10:05:49.225884-04:00,17.81,579,17.82,2180,16.42,4187,16.43,2371
2021-09-27 10:05:49.225884-04:00,17.81,579,17.82,2180,16.42,4187,16.43,2371
2021-09-27 10:05:49.225884-04:00,17.81,579,17.82,2180,16.42,4187,16.43,2371
2021-09-27 10:05:59.238115-04:00,17.81,579,17.82,2180,16.42,4187,16.43,2371
2021-09-27 10:05:59.238115-04:00,17.81,579,17.82,2180,16.42,4187,16.43,2371
2021-09-27 10:05:59.238115-04:00,17.81,693,17.82,2185,16.42,4187,16.43,2371
2021-09-27 10:05:59.238115-04:00,17.81,693,17.82,2185,16.43,33,16.44,6079
2021-09-27 10:05:59.238115-04:00,17.81,693,17.82,2185,16.43,33,16.44,6079
2021-09-27 10:05:59.238115-04:00,17.81,693,17.82,2185,16.43,33,16.44,6079
2021-09-27 10:05:59.238115-04:00,17.81,693,17.82,2185,16.43,33,16.44,6079
2021-09-27 10:06:09.702138-04:00,17.81,693,17.82,2185,16.43,33,16.44,6079
2021-09-27 10:06:09.702138-04:00,17.81,612,17.82,2069,16.43,33,16.44,6079
2021-09-27 10:06:09.702138-04:00,17.81,612,17.82,2069,16.43,33,16.44,5911
2021-09-27 10:06:09.702138-04:00,17.81,612,17.82,2069,16.43,33,16.44,5911
2021-09-27 10:06:09.702138-04:00,17.81,612,17.82,2069,16.43,33,16.44,5911
2021-09-27 10:06:09.702138-04:00,17.81,612,17.82,2069,16.43,33,16.44,5911
2021-09-27 10:06:09.702138-04:00,17.81,612,17.82,2069,16.43,33,16.44,5911
2021-09-27 10:06:19.169018-04:00,17.81,612,17.82,2069,16.43,33,16.44,5911
2021-09-27 10:06:19.169018-04:00,17.8,2349,17.81,726,16.43,33,16.44,5911
2021-09-27 10:06:19.169018-04:00,17.8,2349,17.81,726,16.42,3863,16.43,3216
2021-09-27 10:06:23.081399-04:00,17.8,2349,17.81,726,16.42,3863,16.43,3216
2021-09-27 10:06:29.182085-04:00,17.81,1079,17.82,1775,16.42,3863,16.43,3216
2021-09-27 10:06:29.182085-04:00,17.81,1079,17.82,1775,16.42,3794,16.43,2866
2021-09-27 10:06:36.437639-04:00,17.81,1079,17.82,1775,16.42,3794,16.43,2866
2021-09-27 10:06:37.191620-04:00,17.81,1079,17.82,1775,16.42,3794,16.43,2866
2021-09-27 10:06:37.191620-04:00,17.81,1079,17.82,1775,16.42,3794,16.43,2866
2021-09-27 10:06:37.191620-04:00,17.81,1079,17.82,1775,16.42,3794,16.43,2866
2021-09-27 10:06:37.191620-04:00,17.81,1666,17.82,1468,16.42,3794,16.43,2866
2021-09-27 10:06:37.191620-04:00,17.81,1666,17.82,1468,16.43,429,16.44,5206
2021-09-27 10:06:46.203555-04:00,17.81,1666,17.82,1468,16.43,429,16.44,5206
2021-09-27 10:06:46.203555-04:00,17.81,1666,17.82,1468,16.43,429,16.44,5206
2021-09-27 10:06:46.203555-04:00,17.81,1796,17.82,309,16.43,429,16.44,5206
2021-09-27 10:06:46.203555-04:00,17.81,1796,17.82,309,16.43,695,16.44,4953
2021-09-27 10:06:46.203555-04:00,17.81,1796,17.82,309,16.43,695,16.44,4953
2021-09-27 10:06:55.216430-04:00,17.81,1796,17.82,309,16.43,695,16.44,4953
2021-09-27 10:06:59.223715-04:00,17.82,1022,17.83,1718,16.43,695,16.44,4953
2021-09-27 10:06:59.223715-04:00,17.82,1022,17.83,1718,16.43,2902,16.44,4447
2021-09-27 10:06:59.223715-04:00,17.82,1022,17.83,1718,16.43,2902,16.44,4447
2021-09-27 10:06:59.223715-04:00,17.82,1022,17.83,1718,16.43,2902,16.44,4447
2021-09-27 10:07:08.234623-04:00,17.82,1022,17.83,1718,16.43,2902,16.44,4447
2021-09-27 10:07:08.234623-04:00,17.82,1022,17.83,1718,16.43,2902,16.44,4447
2021-09-27 10:07:08.234623-04:00,17.82,778,17.83,1873,16.43,2902,16.44,4447
2021-09-27 10:07:08.234623-04:00,17.82,778,17.83,1873,16.43,2619,16.44,4561
2021-09-27 10:07:08.234623-04:00,17.82,778,17.83,1873,16.43,2619,16.44,4561
2021-09-27 10:07:18.248850-04:00,17.82,778,17.83,1873,16.43,2619,16.44,4561
2021-09-27 10:07:18.248850-04:00,17.82,778,17.83,1873,16.43,2974,16.44,3961
2021-09-27 10:07:18.248850-04:00,17.82,802,17.83,1859,16.43,2974,16.44,3961
2021-09-27 10:07:21.251820-04:00,17.82,802,17.83,1859,16.43,2974,16.44,3961
2021-09-27 10:07:30.365456-04:00,17.81,822,17.82,2543,16.43,68,16.44,6305
2021-09-27 10:07:37.273985-04:00,17.81,822,17.82,2543,16.43,68,16.44,6305
2021-09-27 10:07:37.273985-04:00,17.81,822,17.82,2543,16.43,68,16.44,6305
2021-09-27 10:07:37.273985-04:00,17.81,822,17.82,2543,16.43,68,16.44,6305
2021-09-27 10:07:39.275632-04:00,17.81,822,17.82,2543,16.43,68,16.44,6305
2021-09-27 10:07:39.275632-04:00,17.81,2693,17.82,303,16.43,2468,16.44,4436
2021-09-27 10:07:39.275632-04:00,17.81,2693,17.82,303,16.43,2468,16.44,4436
2021-09-27 10:07:39.275632-04:00,17.81,2693,17.82,303,16.43,2468,16.44,4436
2021-09-27 10:07:39.275632-04:00,17.81,1236,17.82,1650,16.43,2468,16.44,4436
2021-09-27 10:07:39.275632-04:00,17.81,1236,17.82,1650,16.43,2468,16.44,4436
2021-09-27 10:07:49.289897-04:00,17.81,1236,17.82,1650,16.43,2468,16.44,4436
2021-09-27 10:07:49.289897-04:00,17.81,1236,17.82,1650,16.43,47,16.44,5323
2021-09-27 10:07:51.042253-04:00,17.81,1236,17.82,1650,16.43,47,16.44,5323
2021-09-27 10:07:51.042253-04:00,17.81,1236,17.82,1650,16.43,47,16.44,5323
2021-09-27 10:07:51.042253-04:00,17.81,1236,17.82,1650,16.43,47,16.44,5323
2021-09-27 10:07:59.303166-04:00,17.81,1236,17.82,1650,16.43,73,16.44,4210
2021-09-27 10:07:59.303166-04:00,17.81,1792,17.82,1442,16.43,73,16.44,4210
2021-09-27 10:08:05.098698-04:00,17.81,1792,17.82,1442,16.43,73,16.44,4210
2021-09-27 10:08:10.453359-04:00,17.81,1944,17.82,283,16.43,402,16.44,4209
2021-09-27 10:08:10.453359-04:00,17.81,1944,17.82,283,16.43,402,16.44,4209
2021-09-27 10:08:10.453359-04:00,17.81,1944,17.82,283,16.43,402,16.44,4209
2021-09-27 10:08:18.076972-04:00,17.81,1944,17.82,283,16.43,402,16.44,4209
2021-09-27 10:08:18.076972-04:00,17.81,1944,17.82,283,16.43,915,16.44,3797
2021-09-27 10:08:18.076972-04:00,17.81,2259,17.82,473,16.43,915,16.44,3797
2021-09-27 10:08:23.788703-04:00,17.81,2259,17.82,473,16.43,915,16.44,3797
2021-09-27 10:08:23.788703-04:00,17.81,2259,17.82,473,16.43,915,16.44,3797
2021-09-27 10:08:23.788703-04:00,17.81,2259,17.82,473,16.43,404,16.44,3757
2021-09-27 10:08:29.091524-04:00,17.81,1896,17.82,1093,16.43,404,16.44,3757
2021-09-27 10:08:29.091524-04:00,17.81,1896,17.82,1093,16.43,404,16.44,3757
2021-09-27 10:08:37.183920-04:00,17.81,1896,17.82,1093,16.43,404,16.44,3757
2021-09-27 10:08:37.183920-04:00,17.81,1896,17.82,1093,16.43,66,16.44,4252
2021-09-27 10:08:37.183920-04:00,17.81,1443,17.82,1929,16.43,66,16.44,4252
2021-09-27 10:08:37.183920-04:00,17.81,1443,17.82,1929,16.43,66,16.44,4252
2021-09-27 10:08:37.183920-04:00,17.81,1443,17.82,1929,16.43,563,16.44,3858
2021-09-27 10:08:37.183920-04:00,17.81,1443,17.82,1929,16.43,563,16.44,3858
2021-09-27 10:08:50.515235-04:00,17.81,1954,17.82,756,16.43,563,16.44,3858
2021-09-27 10:08:50.515235-04:00,17.81,1954,17.82,756,16.43,563,16.44,3858
2021-09-27 10:08:50.515235-04:00,17.81,1954,17.82,756,16.43,42,16.44,4828
2021-09-27 10:08:59.129204-04:00,17.81,1954,17.82,756,16.43,42,16.44,4828
2021-09-27 10:08:59.129204-04:00,17.81,330,17.82,2441,16.43,42,16.44,4828
2021-09-27 10:08:59.129204-04:00,17.81,330,17.82,2441,16.43,42,16.44,4828
2021-09-27 10:09:08.141118-04:00,17.81,330,17.82,2441,16.43,42,16.44,4828
2021-09-27 10:09:08.141118-04:00,17.81,764,17.82,1725,16.43,51,16.44,4319
2021-09-27 10:09:08.141118-04:00,17.81,764,17.82,1725,16.43,51,16.44,4319
2021-09-27 10:09:19.156658-04:00,17.81,764,17.82,1725,16.43,183,16.44,4034
2021-09-27 10:09:19.156658-04:00,17.81,1245,17.82,1521,16.43,183,16.44,4034
2021-09-27 10:09:19.156658-04:00,17.81,1245,17.82,1521,16.43,183,16.44,4034
2021-09-27 10:09:19.156658-04:00,17.81,1245,17.82,1521,16.43,183,16.44,4034
2021-09-27 10:09:19.156658-04:00,17.81,1245,17.82,1521,16.43,2703,16.44,3505
2021-09-27 10:09:30.568083-04:00,17.82,1905,17.83,1117,16.43,2703,16.44,3505
2021-09-27 10:09:30.568083-04:00,17.82,1905,17.83,1117,16.43,2703,16.44,3505
2021-09-27 10:09:30.568083-04:00,17.82,1905,17.83,1117,16.43,2703,16.44,3505
2021-09-27 10:09:30.568083-04:00,17.82,1905,17.83,1117,16.43,2703,16.44,3505
2021-09-27 10:09:38.181728-04:00,17.82,1905,17.83,1117,16.43,2703,16.44,3505
2021-09-27 10:09:38.181728-04:00,17.82,1905,17.83,1117,16.43,2703,16.44,3505
2021-09-27 10:09:38.181728-04:00,17.82,1905,17.83,1117,16.43,3125,16.44,1930
2021-09-27 10:09:38.181728-04:00,17.83,1795,17.84,1454,16.43,3125,16.44,1930
2021-09-27 10:09:38.181728-04:00,17.83,1795,17.84,1454,16.43,3125,16.44,1930
2021-09-27 10:09:48.193970-04:00,17.83,1795,17.84,1454,16.43,3125,16.44,1930
2021-09-27 10:09:48.193970-04:00,17.83,3129,17.84,411,16.43,3125,16.44,1930
2021-09-27 10:09:48.193970-04:00,17.83,3129,17.84,411,16.44,382,16.45,3538
2021-09-27 10:09:57.316582-04:00,17.83,3129,17.84,411,16.44,382,16.45,3538
2021-09-27 10:09:57.316582-04:00,17.83,3129,17.84,411,16.44,382,16.45,3538
2021-09-27 10:09:57.316582-04:00,17.83,3129,17.84,411,16.44,382,16.45,3538
2021-09-27 10:09:57.316582-04:00,17.83,2632,17.84,424,16.44,237,16.45,3514
2021-09-27 10:09:57.316582-04:00,17.83,2632,17.84,424,16.44,237,16.45,3514
2021-09-27 10:10:10.692820-04:00,17.84,657,17.85,2292,16.44,450,16.45,3515
2021-09-27 10:10:10.692820-04:00,17.84,657,17.85,2292,16.44,450,16.45,3515
2021-09-27 10:10:10.692820-04:00,17.84,657,17.85,2292,16.44,450,16.45,3515
2021-09-27 10:10:10.692820-04:00,17.84,657,17.85,2292,16.44,450,16.45,3515
2021-09-27 10:10:18.183790-04:00,17.84,657,17.85,2292,16.44,450,16.45,3515
2021-09-27 10:10:18.183790-04:00,17.83,1770,17.84,1684,16.44,450,16.45,3515
2021-09-27 10:10:18.183790-04:00,17.83,1770,17.84,1684,16.44,76,16.45,3858
2021-09-27 10:10:18.183790-04:00,17.83,1717,17.84,1568,16.44,76,16.45,3858
2021-09-27 10:10:18.183790-04:00,17.83,1717,17.84,1568,16.44,76,16.45,3858
2021-09-27 10:10:29.199348-04:00,17.83,1717,17.84,1568,16.44,76,16.45,3858
2021-09-27 10:10:29.199348-04:00,17.83,1717,17.84,1568,16.44,275,16.45,3596
2021-09-27 10:10:31.200988-04:00,17.83,1717,17.84,1568,16.44,275,16.45,3596
2021-09-27 10:10:31.200988-04:00,17.83,1717,17.84,1568,16.44,275,16.45,3596
2021-09-27 10:10:31.200988-04:00,17.83,1717,17.84,1568,16.44,186,16.45,3780
2021-09-27 10:10:31.200988-04:00,17.83,1711,17.84,1594,16.44,186,16.45,3780
2021-09-27 10:10:31.200988-04:00,17.83,1711,17.84,1594,16.44,186,16.45,3780
2021-09-27 10:10:31.200988-04:00,17.83,1711,17.84,1594,16.44,186,16.45,3780
2021-09-27 10:10:31.200988-04:00,17.83,1711,17.84,1594,16.44,186,16.45,3780
2021-09-27 10:10:31.200988-04:00,17.83,2276,17.84,1359,16.44,186,16.45,3780
2021-09-27 10:10:50.795601-04:00,17.83,2276,17.84,1359,16.44,210,16.45,3565
2021-09-27 10:10:50.795601-04:00,17.83,953,17.84,2080,16.44,210,16.45,3565
2021-09-27 10:10:59.239025-04:00,17.83,953,17.84,2080,16.44,210,16.45,3565
2021-09-27 10:10:59.239025-04:00,17.83,953,17.84,2080,16.44,57,16.45,4437
2021-09-27 10:10:59.239025-04:00,17.83,953,17.84,2080,16.44,57,16.45,4437
2021-09-27 10:11:09.253250-04:00,17.83,2026,17.84,932,16.44,229,16.45,3526
2021-09-27 10:11:09.253250-04:00,17.83,1670,17.84,1596,16.44,229,16.45,3526
2021-09-27 10:11:09.253250-04:00,17.83,1670,17.84,1596,16.44,147,16.45,3771
2021-09-27 10:11:19.266478-04:00,17.83,1670,17.84,1596,16.44,147,16.45,3771
2021-09-27 10:11:19.266478-04:00,17.83,1670,17.84,1596,16.44,147,16.45,3771
2021-09-27 10:11:19.266478-04:00,17.83,875,17.84,1910,16.44,147,16.45,3771
2021-09-27 10:11:30.971110-04:00,17.83,875,17.84,1910,16.44,147,16.45,3771
2021-09-27 10:11:30.971110-04:00,17.83,875,17.84,1910,16.44,49,16.45,4474
2021-09-27 10:11:31.031947-04:00,17.83,875,17.84,1910,16.44,49,16.45,4474
2021-09-27 10:11:31.031947-04:00,17.83,875,17.84,1910,16.44,49,16.45,4474
2021-09-27 10:11:31.031947-04:00,17.83,875,17.84,1910,16.44,49,16.45,4474
2021-09-27 10:11:38.042205-04:00,17.83,875,17.84,1910,16.43,3283,16.44,1983
2021-09-27 10:11:38.042205-04:00,17.82,1291,17.83,1112,16.43,3283,16.44,1983
2021-09-27 10:11:38.042205-04:00,17.82,1291,17.83,1112,16.43,3283,16.44,1983
2021-09-27 10:11:38.042205-04:00,17.82,1291,17.83,1112,16.43,3283,16.44,1983
2021-09-27 10:11:38.042205-04:00,17.82,1209,17.83,1727,16.43,3283,16.44,1983
2021-09-27 10:11:48.055474-04:00,17.82,1209,17.83,1727,16.43,3283,16.44,1983
2021-09-27 10:11:48.055474-04:00,17.82,1209,17.83,1727,16.43,3248,16.44,2912
2021-09-27 10:11:48.055474-04:00,17.82,1209,17.83,1727,16.43,3248,16.44,2912
2021-09-27 10:11:48.055474-04:00,17.82,325,17.83,2547,16.43,3248,16.44,2912
2021-09-27 10:11:59.329347-04:00,17.82,325,17.83,2547,16.43,3248,16.44,2912
2021-09-27 10:11:59.329347-04:00,17.82,325,17.83,2547,16.43,3248,16.44,2912
2021-09-27 10:11:59.329347-04:00,17.82,325,17.83,2547,16.43,2968,16.44,3151
2021-09-27 10:12:11.057975-04:00,17.82,325,17.83,2547,16.43,2968,16.44,3151
2021-09-27 10:12:11.057975-04:00,17.82,325,17.83,2547,16.43,2968,16.44,3151
2021-09-27 10:12:11.057975-04:00,17.81,1170,17.82,1245,16.43,2968,16.44,3151
2021-09-27 10:12:11.057975-04:00,17.81,1170,17.82,1245,16.43,953,16.44,3510
2021-09-27 10:12:11.057975-04:00,17.81,1170,17.82,1245,16.43,953,16.44,3510
2021-09-27 10:12:11.057975-04:00,17.81,1170,17.82,1245,16.43,953,16.44,3510
2021-09-27 10:12:11.057975-04:00,17.81,1170,17.82,1245,16.43,953,16.44,3510
2021-09-27 10:12:19.098477-04:00,17.81,1041,17.82,1972,16.43,953,16.44,3510
2021-09-27 10:12:19.098477-04:00,17.81,1041,17.82,1972,16.43,61,16.44,3725
2021-09-27 10:12:27.114275-04:00,17.81,1041,17.82,1972,16.43,61,16.44,3725
2021-09-27 10:12:27.114275-04:00,17.8,1291,17.81,407,16.43,61,16.44,3725
2021-09-27 10:12:27.114275-04:00,17.8,1291,17.81,407,16.43,61,16.44,3725
2021-09-27 10:12:27.114275-04:00,17.8,1291,17.81,407,16.43,46,16.44,4198
2021-09-27 10:12:27.114275-04:00,17.8,1291,17.81,407,16.43,46,16.44,4198
2021-09-27 10:12:33.117218-04:00,17.8,1291,17.81,407,16.43,46,16.44,4198
2021-09-27 10:12:33.117218-04:00,17.8,1291,17.81,407,16.43,46,16.44,4198
2021-09-27 10:12:33.117218-04:00,17.8,1291,17.81,407,16.43,46,16.44,4198
2021-09-27 10:12:33.117218-04:00,17.8,1743,17.81,230,16.43,46,16.44,4198
2021-09-27 10:12:33.117218-04:00,17.8,1743,17.81,230,16.43,46,16.44,4238
2021-09-27 10:12:33.117218-04:00,17.8,1743,17.81,230,16.43,46,16.44,4238
2021-09-27 10:12:33.117218-04:00,17.8,1743,17.81,230,16.43,46,16.44,4238
2021-09-27 10:12:51.197842-04:00,17.8,1743,17.81,230,16.43,46,16.44,4238
2021-09-27 10:12:51.197842-04:00,17.81,1458,17.82,1454,16.43,2030,16.44,3288
2021-09-27 10:12:51.197842-04:00,17.81,1458,17.82,1454,16.43,2030,16.44,3288
2021-09-27 10:12:51.197842-04:00,17.81,1458,17.82,1454,16.43,2058,16.44,3301
2021-09-27 10:12:59.072780-04:00,17.81,1458,17.82,1454,16.43,2058,16.44,3301
2021-09-27 10:12:59.072780-04:00,17.81,2093,17.82,784,16.43,2058,16.44,3301
2021-09-27 10:12:59.072780-04:00,17.81,2093,17.82,784,16.43,2058,16.44,3301
2021-09-27 10:12:59.072780-04:00,17.81,2093,17.82,784,16.43,2058,16.44,3301
2021-09-27 10:12:59.072780-04:00,17.81,2093,17.82,784,16.43,2058,16.44,3301
2021-09-27 10:13:09.087005-04:00,17.82,616,17.83,2167,16.43,2567,16.44,3412
2021-09-27 10:13:09.087005-04:00,17.82,616,17.83,2167,16.43,2567,16.44,3412
2021-09-27 10:13:09.087005-04:00,17.82,616,17.83,2167,16.43,2567,16.44,3412
2021-09-27 10:13:09.087005-04:00,17.82,616,17.83,2167,16.43,2567,16.44,3412
2021-09-27 10:13:19.099238-04:00,17.82,616,17.83,2167,16.43,2567,16.44,3412
2021-09-27 10:13:19.099238-04:00,17.81,460,17.82,2365,16.43,2567,16.44,3412
2021-09-27 10:13:19.099238-04:00,17.81,460,17.82,2365,16.43,47,16.44,3917
2021-09-27 10:13:27.109820-04:00,17.81,460,17.82,2365,16.43,47,16.44,3917
2021-09-27 10:13:27.109820-04:00,17.81,460,17.82,2365,16.43,44,16.44,4254
2021-09-27 10:13:27.109820-04:00,17.81,489,17.82,2580,16.43,44,16.44,4254
2021-09-27 10:13:38.124370-04:00,17.81,489,17.82,2580,16.43,44,16.44,4254
2021-09-27 10:13:38.124370-04:00,17.81,2298,17.82,1241,16.43,44,16.44,4254
2021-09-27 10:13:38.124370-04:00,17.81,2298,17.82,1241,16.43,2067,16.44,3281
2021-09-27 10:13:44.632973-04:00,17.81,2298,17.82,1241,16.43,2067,16.44,3281
2021-09-27 10:13:44.632973-04:00,17.81,1870,17.82,948,16.43,2048,16.44,3281
2021-09-27 10:13:44.632973-04:00,17.81,1870,17.82,948,16.43,2048,16.44,3281
2021-09-27 10:13:44.632973-04:00,17.81,1870,17.82,948,16.43,2084,16.44,3281
2021-09-27 10:13:44.632973-04:00,17.81,1698,17.82,945,16.43,2084,16.44,3281
2021-09-27 10:13:44.632973-04:00,17.81,1698,17.82,945,16.43,2084,16.44,3281
2021-09-27 10:13:44.632973-04:00,17.81,1698,17.82,945,16.43,2084,16.44,3281
2021-09-27 10:13:44.632973-04:00,17.81,1698,17.82,945,16.43,2831,16.44,3164
2021-09-27 10:14:11.337573-04:00,17.81,1698,17.82,945,16.43,2831,16.44,3164
2021-09-27 10:14:11.337573-04:00,17.82,1205,17.83,1570,16.43,2831,16.44,3164
2021-09-27 10:14:11.337573-04:00,17.82,1205,17.83,1570,16.43,2831,16.44,3164
2021-09-27 10:14:11.337573-04:00,17.82,1205,17.83,1570,16.43,2831,16.44,3164
2021-09-27 10:14:11.337573-04:00,17.82,1205,17.83,1570,16.43,2831,16.44,3164
2021-09-27 10:14:11.337573-04:00,17.82,1205,17.83,1570,16.43,2831,16.44,3164
2021-09-27 10:14:18.177285-04:00,17.82,1205,17.83,1570,16.43,2831,16.44,3164
2021-09-27 10:14:18.177285-04:00,17.82,1205,17.83,1570,16.43,44,16.44,4458
2021-09-27 10:14:18.177285-04:00,17.8,1710,17.81,1947,16.43,44,16.44,4458
2021-09-27 10:14:18.177285-04:00,17.8,1710,17.81,1947,16.43,44,16.44,4458
2021-09-27 10:14:27.189191-04:00,17.8,1710,17.81,1947,16.43,44,16.44,4458
2021-09-27 10:14:29.192835-04:00,17.8,1710,17.81,1947,16.43,44,16.44,4458
2021-09-27 10:14:29.192835-04:00,17.8,1710,17.81,1947,16.42,2996,16.43,3127
2021-09-27 10:14:29.192835-04:00,17.8,181,17.81,3164,16.42,2996,16.43,3127
2021-09-27 10:14:29.192835-04:00,17.8,181,17.81,3164,16.42,2996,16.43,3127
2021-09-27 10:14:29.192835-04:00,17.8,181,17.81,3164,16.42,2996,16.43,3127
2021-09-27 10:14:38.090046-04:00,17.8,181,17.81,3164,16.42,2996,16.43,3127
2021-09-27 10:14:38.090046-04:00,17.8,181,17.81,3164,16.42,2996,16.43,3127
2021-09-27 10:14:38.090046-04:00,17.8,1047,17.81,1884,16.42,3906,16.43,2912
2021-09-27 10:14:38.090046-04:00,17.8,1047,17.81,1884,16.42,3906,16.43,2912
2021-09-27 10:14:38.090046-04:00,17.8,1047,17.81,1884,16.42,3906,16.43,2912
2021-09-27 10:14:38.090046-04:00,17.8,1047,17.81,1884,16.42,3906,16.43,2912
2021-09-27 10:14:38.090046-04:00,17.8,1047,17.81,1884,16.42,3906,16.43,2912
2021-09-27 10:14:51.433371-04:00,17.8,1047,17.81,1884,16.42,3906,16.43,2912
2021-09-27 10:14:51.433371-04:00,17.8,1047,17.81,1884,16.42,3368,16.43,2928
2021-09-27 10:14:51.433371-04:00,17.79,2461,17.8,570,16.42,3368,16.43,2928
2021-09-27 10:14:51.433371-04:00,17.79,2461,17.8,570,16.42,3368,16.43,2928
2021-09-27 10:14:51.433371-04:00,17.79,2461,17.8,570,16.42,3368,16.43,2928
2021-09-27 10:14:51.433371-04:00,17.79,2461,17.8,570,16.42,3368,16.43,2928
2021-09-27 10:14:51.433371-04:00,17.79,2461,17.8,570,16.42,3368,16.43,2928
2021-09-27 10:14:59.242493-04:00,17.79,2461,17.8,570,16.42,3368,16.43,2928
2021-09-27 10:14:59.242493-04:00,17.79,2461,17.8,570,16.42,2768,16.43,2343
2021-09-27 10:14:59.242493-04:00,17.79,1053,17.8,1231,16.42,2768,16.43,2343
2021-09-27 10:14:59.242493-04:00,17.79,1053,17.8,1231,16.42,2768,16.43,2343
2021-09-27 10:14:59.242493-04:00,17.79,1053,17.8,1231,16.42,2768,16.43,2343
2021-09-27 10:14:59.242493-04:00,17.79,1053,17.8,1231,16.42,2706,16.43,2367
2021-09-27 10:14:59.242493-04:00,17.79,1395,17.8,985,16.42,2706,16.43,2367
2021-09-27 10:14:59.242493-04:00,17.79,1395,17.8,985,16.42,2706,16.43,2367
2021-09-27 10:14:59.242493-04:00,17.79,1395,17.8,985,16.42,2950,16.43,3027
2021-09-27 10:14:59.242493-04:00,17.79,1395,17.8,985,16.42,2950,16.43,3027
2021-09-27 10:14:59.242493-04:00,17.79,2285,17.8,906,16.42,2950,16.43,3027
2021-09-27 10:14:59.242493-04:00,17.79,2285,17.8,906,16.42,2950,16.43,3027
2021-09-27 10:14:59.242493-04:00,17.79,865,17.8,1738,16.42,2950,16.43,3027
2021-09-27 10:15:31.490213-04:00,17.79,865,17.8,1738,16.42,2540,16.43,3208
2021-09-27 10:15:32.026777-04:00,17.79,865,17.8,1738,16.42,2540,16.43,3208
2021-09-27 10:15:32.026777-04:00,17.79,1141,17.8,1831,16.42,2540,16.43,3208
2021-09-27 10:15:32.026777-04:00,17.79,1141,17.8,1831,16.42,2507,16.43,3263
2021-09-27 10:15:32.026777-04:00,17.79,1141,17.8,1831,16.42,2507,16.43,3263
2021-09-27 10:15:48.047995-04:00,17.79,1141,17.8,1831,16.42,2507,16.43,3263
2021-09-27 10:15:48.047995-04:00,17.79,1141,17.8,1831,16.42,2507,16.43,3263
2021-09-27 10:15:48.047995-04:00,17.79,1141,17.8,1831,16.42,2507,16.43,3263
2021-09-27 10:15:48.047995-04:00,17.79,2820,17.8,271,16.42,2824,16.43,3021
2021-09-27 10:15:48.047995-04:00,17.79,2820,17.8,271,16.42,2824,16.43,3021
2021-09-27 10:15:48.047995-04:00,17.79,2820,17.8,271,16.42,2824,16.43,3021
2021-09-27 10:15:48.047995-04:00,17.79,2820,17.8,271,16.42,3120,16.43,2775
2021-09-27 10:15:48.047995-04:00,17.79,2820,17.8,271,16.42,3120,16.43,2775
2021-09-27 10:15:48.047995-04:00,17.8,1700,17.81,1451,16.42,3120,16.43,2775
2021-09-27 10:15:58.231746-04:00,17.8,1700,17.81,1451,16.42,3120,16.43,2775
2021-09-27 10:15:58.231746-04:00,17.8,1700,17.81,1451,16.42,3120,16.43,2775
2021-09-27 10:16:11.576069-04:00,17.8,2223,17.81,1051,16.42,3590,16.43,2739
2021-09-27 10:16:11.576069-04:00,17.8,2223,17.81,1051,16.42,3590,16.43,2739
2021-09-27 10:16:11.576069-04:00,17.8,2451,17.81,291,16.42,3590,16.43,2739
2021-09-27 10:16:19.089977-04:00,17.8,2451,17.81,291,16.42,3590,16.43,2739
2021-09-27 10:16:19.089977-04:00,17.8,2451,17.81,291,16.42,3621,16.43,1066
2021-09-27 10:16:19.089977-04:00,17.8,706,17.81,1695,16.42,3621,16.43,1066
2021-09-27 10:16:28.102881-04:00,17.8,706,17.81,1695,16.42,3120,16.43,2724
2021-09-27 10:16:28.102881-04:00,17.8,706,17.81,1695,16.42,3120,16.43,2724
