time,bid1,bid_size1,ask1,ask_size1,bid2,bid_size2,ask2,ask_size2
2021-09-28 09:30:08.228362-04:00,18.29,807,18.31,593,16.65,1458,16.66,1525
2021-09-28 09:30:08.228362-04:00,18.29,807,18.31,593,16.65,1458,16.66,1525
2021-09-28 09:30:08.228362-04:00,18.29,807,18.31,593,16.65,1456,16.66,1525
2021-09-28 09:30:12.847010-04:00,18.29,807,18.31,593,16.65,1456,16.66,1525
2021-09-28 09:30:12.847010-04:00,18.3,814,18.31,28,16.65,1456,16.66,1525
2021-09-28 09:30:15.852976-04:00,18.3,814,18.31,28,16.65,1456,16.66,1525
2021-09-28 09:30:22.866223-04:00,18.3,814,18.31,28,16.65,1456,16.66,1525
2021-09-28 09:30:22.866223-04:00,18.3,698,18.31,314,16.65,1456,16.66,1525
2021-09-28 09:30:22.866223-04:00,18.3,698,18.31,314,16.65,1612,16.66,1525
2021-09-28 09:30:22.866223-04:00,18.3,698,18.31,314,16.65,1612,16.66,1525
2021-09-28 09:30:34.664680-04:00,18.3,698,18.31,314,16.65,1612,16.66,1525
2021-09-28 09:30:34.664680-04:00,18.3,504,18.31,220,16.65,1612,16.66,1525
2021-09-28 09:30:34.664680-04:00,18.3,504,18.31,220,16.65,1846,16.66,1525
2021-09-28 09:30:34.664680-04:00,18.3,504,18.31,220,16.65,1846,16.66,1525
2021-09-28 09:30:48.046901-04:00,18.3,504,18.31,220,16.65,1846,16.66,1525
2021-09-28 09:30:48.046901-04:00,18.3,967,18.32,473,16.65,1846,16.66,1525
2021-09-28 09:30:48.046901-04:00,18.3,967,18.32,473,16.65,1846,16.66,1525
2021-09-28 09:30:48.046901-04:00,18.3,967,18.32,473,16.65,1846,16.66,1525
2021-09-28 09:30:48.046901-04:00,18.3,967,18.32,473,16.65,1846,16.66,1525
2021-09-28 09:30:48.046901-04:00,18.31,1012,18.33,762,16.65,1846,16.66,1525
2021-09-28 09:30:48.046901-04:00,18.31,1012,18.33,762,16.65,1846,16.66,1525
2021-09-28 09:30:51.930519-04:00,18.31,1012,18.33,762,16.65,1846,16.66,1525
2021-09-28 09:30:51.930519-04:00,18.31,1012,18.33,762,16.66,1106,16.67,2230
2021-09-28 09:30:51.930519-04:00,18.31,1012,18.33,762,16.66,1106,16.67,2230
2021-09-28 09:30:51.930519-04:00,18.31,1012,18.33,762,16.66,1106,16.67,2230
2021-09-28 09:30:51.930519-04:00,18.31,804,18.33,717,16.66,1106,16.67,2230
2021-09-28 09:31:06.963324-04:00,18.31,804,18.33,717,16.66,1106,16.67,2230
2021-09-28 09:31:06.963324-04:00,18.31,804,18.33,717,16.66,1768,16.67,2246
2021-09-28 09:31:06.963324-04:00,18.31,804,18.33,717,16.66,1768,16.67,2246
2021-09-28 09:31:15.983209-04:00,18.31,804,18.33,717,16.66,1768,16.67,2246
2021-09-28 09:31:15.983209-04:00,18.32,132,18.33,731,16.66,1768,16.67,2246
2021-09-28 09:31:15.983209-04:00,18.32,132,18.33,731,16.66,1768,16.67,2246
2021-09-28 09:31:15.983209-04:00,18.32,132,18.33,731,16.66,1768,16.67,2246
2021-09-28 09:31:15.983209-04:00,18.32,132,18.33,731,16.66,1021,16.67,2246
2021-09-28 09:31:15.983209-04:00,18.31,795,18.32,608,16.66,1021,16.67,2246
2021-09-28 09:31:15.983209-04:00,18.31,795,18.32,608,16.66,1021,16.67,2246
2021-09-28 09:31:28.288311-04:00,18.31,795,18.32,608,16.66,1021,16.67,2246
2021-09-28 09:31:28.288311-04:00,18.31,795,18.32,608,16.66,1021,16.67,2246
2021-09-28 09:31:28.288311-04:00,18.31,795,18.32,608,16.66,1021,16.67,2246
2021-09-28 09:31:28.288311-04:00,18.31,795,18.32,608,16.66,1021,16.67,2246
2021-09-28 09:31:28.288311-04:00,18.3,691,18.31,4,16.66,1021,16.67,2246
2021-09-28 09:31:36.954142-04:00,18.3,691,18.31,4,16.66,1021,16.67,2246
2021-09-28 09:31:36.954142-04:00,18.3,691,18.31,4,16.65,2024,16.66,1661
2021-09-28 09:31:41.960755-04:00,18.3,691,18.31,4,16.65,2024,16.66,1661
2021-09-28 09:31:41.960755-04:00,18.3,691,18.31,4,16.65,2024,16.66,1661
2021-09-28 09:31:41.960755-04:00,18.3,691,18.31,4,16.65,2024,16.66,1661
2021-09-28 09:31:41.960755-04:00,18.31,725,18.32,626,16.65,2024,16.66,1661
2021-09-28 09:31:41.960755-04:00,18.31,725,18.32,626,16.65,2024,16.66,1661
2021-09-28 09:31:41.960755-04:00,18.31,725,18.32,626,16.65,1829,16.66,70
2021-09-28 09:31:55.136530-04:00,18.31,725,18.32,626,16.65,1829,16.66,70
2021-09-28 09:31:55.136530-04:00,18.31,725,18.32,626,16.65,1829,16.66,70
2021-09-28 09:31:55.136530-04:00,18.31,725,18.32,626,16.65,1829,16.66,690
2021-09-28 09:31:55.136530-04:00,18.3,1046,18.32,823,16.65,1829,16.66,690
2021-09-28 09:31:55.136530-04:00,18.3,1046,18.32,823,16.65,1829,16.66,690
2021-09-28 09:31:55.136530-04:00,18.3,1046,18.32,823,16.65,1829,16.66,1654
2021-09-28 09:31:55.136530-04:00,18.3,1046,18.32,823,16.65,1829,16.66,1654
2021-09-28 09:31:55.136530-04:00,18.3,1046,18.32,823,16.65,1829,16.66,1654
2021-09-28 09:31:55.136530-04:00,18.3,1046,18.32,823,16.65,1829,16.66,1654
2021-09-28 09:31:55.136530-04:00,18.3,1046,18.32,823,16.65,1829,16.66,1654
2021-09-28 09:31:55.136530-04:00,18.3,1046,18.32,823,16.65,1829,16.66,1654
2021-09-28 09:31:55.136530-04:00,18.3,1046,18.32,823,16.65,1829,16.66,1654
2021-09-28 09:31:55.136530-04:00,18.31,1037,18.33,702,16.65,1829,16.66,1654
2021-09-28 09:32:16.029669-04:00,18.31,1037,18.33,702,16.65,1829,16.66,1654
2021-09-28 09:32:16.029669-04:00,18.31,1037,18.33,702,16.66,1206,16.67,2131
2021-09-28 09:32:16.029669-04:00,18.31,1037,18.33,702,16.66,1296,16.67,2131
2021-09-28 09:32:16.029669-04:00,18.31,1037,18.33,702,16.66,1296,16.67,2131
2021-09-28 09:32:16.029669-04:00,18.31,1048,18.33,702,16.66,1296,16.67,2131
2021-09-28 09:32:22.115401-04:00,18.31,1048,18.33,702,16.66,1296,16.67,2131
2021-09-28 09:32:22.115401-04:00,18.31,1048,18.33,702,16.66,1296,16.67,2131
2021-09-28 09:32:22.115401-04:00,18.31,1048,18.33,702,16.66,1644,16.67,2131
2021-09-28 09:32:22.115401-04:00,18.32,80,18.33,627,16.66,1644,16.67,2131
2021-09-28 09:32:22.115401-04:00,18.32,80,18.33,627,16.66,1644,16.67,2131
2021-09-28 09:32:22.115401-04:00,18.3,1038,18.32,912,16.66,1644,16.67,2131
2021-09-28 09:32:22.115401-04:00,18.3,1038,18.32,912,16.66,1644,16.67,2131
2021-09-28 09:32:22.115401-04:00,18.3,1038,18.32,912,16.66,1644,16.67,2131
2021-09-28 09:32:22.115401-04:00,18.3,1038,18.32,912,16.66,1644,16.67,2131
2021-09-28 09:32:22.115401-04:00,18.3,1038,18.32,912,16.65,2062,16.66,1733
2021-09-28 09:32:48.928712-04:00,18.3,1038,18.32,912,16.65,2062,16.66,1733
2021-09-28 09:32:48.928712-04:00,18.3,1038,18.32,912,16.65,2062,16.66,1733
2021-09-28 09:32:48.928712-04:00,18.3,1038,18.32,912,16.65,2062,16.66,1733
2021-09-28 09:32:48.928712-04:00,18.3,1038,18.32,912,16.65,2062,16.66,1733
2021-09-28 09:32:54.859852-04:00,18.3,1038,18.32,912,16.65,2062,16.66,1733
2021-09-28 09:32:54.859852-04:00,18.3,1038,18.32,912,16.65,2062,16.66,1733
2021-09-28 09:32:54.859852-04:00,18.3,987,18.32,825,16.65,2062,16.66,1733
2021-09-28 09:32:54.859852-04:00,18.3,987,18.32,825,16.65,1864,16.66,1594
2021-09-28 09:32:54.859852-04:00,18.3,987,18.32,825,16.65,1864,16.66,1594
2021-09-28 09:32:58.869133-04:00,18.3,987,18.32,825,16.65,1864,16.66,1594
2021-09-28 09:32:58.869133-04:00,18.3,987,18.32,825,16.65,1864,16.66,1594
2021-09-28 09:32:58.869133-04:00,18.31,455,18.32,634,16.65,1864,16.66,1594
2021-09-28 09:32:58.869133-04:00,18.31,455,18.32,634,16.65,1864,16.66,420
2021-09-28 09:32:58.869133-04:00,18.31,455,18.32,634,16.65,1864,16.66,420
2021-09-28 09:32:58.869133-04:00,18.31,455,18.32,634,16.65,1864,16.66,420
2021-09-28 09:32:58.869133-04:00,18.31,455,18.32,634,16.65,1864,16.66,420
2021-09-28 09:32:58.869133-04:00,18.3,977,18.32,558,16.65,1864,16.66,420
2021-09-28 09:32:58.869133-04:00,18.3,977,18.32,558,16.65,1864,16.66,420
2021-09-28 09:33:15.634310-04:00,18.3,977,18.32,558,16.65,1864,16.66,420
2021-09-28 09:33:15.634310-04:00,18.3,977,18.32,558,16.65,1863,16.66,488
2021-09-28 09:33:15.634310-04:00,18.3,977,18.32,558,16.65,1863,16.66,488
2021-09-28 09:33:15.634310-04:00,18.31,546,18.32,830,16.65,1863,16.66,488
2021-09-28 09:33:28.983620-04:00,18.31,546,18.32,830,16.65,2061,16.66,1079
2021-09-28 09:33:28.983620-04:00,18.31,546,18.32,830,16.65,2061,16.66,1079
2021-09-28 09:33:28.983620-04:00,18.31,546,18.32,830,16.65,2061,16.66,1079
2021-09-28 09:33:28.983620-04:00,18.31,546,18.32,830,16.65,2061,16.66,1079
2021-09-28 09:33:28.983620-04:00,18.31,590,18.33,815,16.65,2061,16.66,1079
2021-09-28 09:33:28.983620-04:00,18.31,590,18.33,815,16.65,2061,16.66,1079
2021-09-28 09:33:32.941038-04:00,18.31,590,18.33,815,16.65,2061,16.66,1079
2021-09-28 09:33:32.941038-04:00,18.31,590,18.33,815,16.66,1188,16.67,1265
2021-09-28 09:33:32.941038-04:00,18.31,590,18.33,815,16.66,1188,16.67,1265
2021-09-28 09:33:32.941038-04:00,18.31,590,18.33,815,16.66,1188,16.67,1265
2021-09-28 09:33:32.941038-04:00,18.31,590,18.33,815,16.66,1188,16.67,1265
2021-09-28 09:33:45.967211-04:00,18.31,590,18.33,815,16.66,1188,16.67,1265
2021-09-28 09:33:45.967211-04:00,18.31,590,18.33,815,16.66,1188,16.67,1265
2021-09-28 09:33:45.967211-04:00,18.32,492,18.33,606,16.66,1188,16.67,1265
2021-09-28 09:33:45.967211-04:00,18.32,492,18.33,606,16.66,1834,16.67,1858
2021-09-28 09:33:45.967211-04:00,18.32,454,18.33,638,16.66,1834,16.67,2254
2021-09-28 09:33:55.837824-04:00,18.32,454,18.33,638,16.66,1834,16.67,2254
2021-09-28 09:33:55.837824-04:00,18.32,508,18.33,635,16.66,1834,16.67,2254
2021-09-28 09:33:55.837824-04:00,18.32,508,18.33,635,16.66,1834,16.67,2254
2021-09-28 09:33:55.837824-04:00,18.32,508,18.33,635,16.66,1834,16.67,2254
2021-09-28 09:34:14.029186-04:00,18.32,508,18.33,635,16.66,1834,16.67,2254
2021-09-28 09:34:14.029186-04:00,18.32,508,18.33,635,16.66,1834,16.67,2254
2021-09-28 09:34:14.029186-04:00,18.31,546,18.32,454,16.66,1834,16.67,2254
2021-09-28 09:34:14.029186-04:00,18.31,546,18.32,454,16.66,1834,16.67,2254
2021-09-28 09:34:14.029186-04:00,18.31,546,18.32,454,16.66,792,16.67,2089
2021-09-28 09:34:14.029186-04:00,18.31,546,18.32,454,16.66,792,16.67,2089
2021-09-28 09:34:14.029186-04:00,18.31,546,18.32,454,16.66,792,16.67,2089
2021-09-28 09:34:14.029186-04:00,18.31,546,18.32,454,16.66,792,16.67,2089
2021-09-28 09:34:26.055034-04:00,18.31,546,18.32,454,16.66,792,16.67,2089
2021-09-28 09:34:26.055034-04:00,18.31,546,18.32,454,16.66,792,16.67,2089
2021-09-28 09:34:26.055034-04:00,18.31,182,18.32,643,16.66,792,16.67,2089
2021-09-28 09:34:26.055034-04:00,18.31,182,18.32,643,16.65,1853,16.66,790
2021-09-28 09:34:26.055034-04:00,18.31,182,18.32,643,16.65,1853,16.66,790
2021-09-28 09:34:26.055034-04:00,18.31,182,18.32,643,16.65,1853,16.66,790
2021-09-28 09:34:26.055034-04:00,18.31,455,18.32,734,16.65,1853,16.66,790
2021-09-28 09:34:26.055034-04:00,18.31,455,18.32,734,16.65,2051,16.66,907
2021-09-28 09:34:26.055034-04:00,18.31,455,18.32,734,16.65,2051,16.66,907
2021-09-28 09:34:40.084524-04:00,18.31,455,18.32,734,16.65,2051,16.66,907
2021-09-28 09:34:40.084524-04:00,18.31,455,18.32,370,16.66,396,16.67,2045
2021-09-28 09:34:40.084524-04:00,18.31,455,18.32,370,16.66,396,16.67,2045
2021-09-28 09:34:52.861362-04:00,18.31,455,18.32,370,16.66,396,16.67,2045
2021-09-28 09:34:52.861362-04:00,18.31,455,18.32,275,16.66,396,16.67,2045
2021-09-28 09:34:52.861362-04:00,18.31,455,18.32,275,16.65,1038,16.66,349
2021-09-28 09:34:52.861362-04:00,18.31,455,18.32,275,16.65,1038,16.66,349
2021-09-28 09:34:52.861362-04:00,18.31,455,18.32,275,16.65,1038,16.66,349
2021-09-28 09:34:52.861362-04:00,18.31,455,18.32,275,16.66,1188,16.67,1960
2021-09-28 09:35:03.884894-04:00,18.31,455,18.32,275,16.66,1188,16.67,1960
2021-09-28 09:35:03.884894-04:00,18.31,455,18.32,275,16.66,1188,16.67,1960
2021-09-28 09:35:03.884894-04:00,18.31,1021,18.32,16,16.66,1188,16.67,1960
2021-09-28 09:35:03.884894-04:00,18.31,1021,18.32,16,16.66,1188,16.67,1960
2021-09-28 09:35:03.884894-04:00,18.31,1021,18.32,16,16.66,1188,16.67,1960
2021-09-28 09:35:03.884894-04:00,18.31,455,18.32,561,16.66,1188,16.67,1960
2021-09-28 09:35:03.884894-04:00,18.31,455,18.32,561,16.66,198,16.66,101
2021-09-28 09:35:03.884894-04:00,18.31,455,18.32,561,16.66,198,16.66,101
2021-09-28 09:35:03.884894-04:00,18.31,455,18.32,561,16.66,198,16.66,201
2021-09-28 09:35:25.080225-04:00,18.31,455,18.32,561,16.66,198,16.66,201
2021-09-28 09:35:25.080225-04:00,18.31,455,18.32,180,16.66,198,16.66,201
2021-09-28 09:35:25.080225-04:00,18.31,455,18.32,180,16.66,198,16.66,201
2021-09-28 09:35:29.656987-04:00,18.31,455,18.32,180,16.66,198,16.66,201
2021-09-28 09:35:29.656987-04:00,18.31,455,18.32,180,16.65,2044,16.66,468
2021-09-28 09:35:29.656987-04:00,18.31,747,18.32,180,16.65,2044,16.66,468
2021-09-28 09:35:29.656987-04:00,18.31,747,18.32,180,16.65,2044,16.66,468
2021-09-28 09:35:29.656987-04:00,18.31,747,18.32,180,16.65,2044,16.66,468
2021-09-28 09:35:29.656987-04:00,18.31,747,18.32,180,16.65,2044,16.66,468
2021-09-28 09:35:29.656987-04:00,18.31,982,18.32,137,16.65,2044,16.66,468
2021-09-28 09:35:29.656987-04:00,18.31,982,18.32,137,16.66,1217,16.67,2197
2021-09-28 09:35:47.014581-04:00,18.31,982,18.32,137,16.66,1217,16.67,2197
2021-09-28 09:35:47.014581-04:00,18.31,982,18.32,137,16.66,1217,16.67,2197
2021-09-28 09:35:47.014581-04:00,18.31,982,18.32,137,16.66,1217,16.67,2197
2021-09-28 09:35:47.014581-04:00,18.31,982,18.32,137,16.66,1217,16.67,2197
2021-09-28 09:35:47.014581-04:00,18.31,982,18.32,137,16.66,1217,16.67,2197
2021-09-28 09:35:56.511192-04:00,18.31,982,18.32,137,16.66,1217,16.67,2197
2021-09-28 09:35:56.511192-04:00,18.31,982,18.32,137,16.65,1851,16.66,1500
2021-09-28 09:35:56.511192-04:00,18.3,662,18.31,11,16.65,1851,16.66,1500
2021-09-28 09:35:56.511192-04:00,18.3,662,18.31,11,16.65,1851,16.66,1500
2021-09-28 09:35:56.511192-04:00,18.3,662,18.31,11,16.65,1851,16.66,1500
2021-09-28 09:35:56.511192-04:00,18.3,662,18.31,11,16.65,1851,16.66,1500
2021-09-28 09:36:09.984170-04:00,18.31,546,18.32,458,16.65,2037,16.66,872
2021-09-28 09:36:09.984170-04:00,18.31,546,18.32,458,16.65,2037,16.66,872
2021-09-28 09:36:09.984170-04:00,18.31,546,18.32,458,16.65,2037,16.66,872
2021-09-28 09:36:09.984170-04:00,18.31,1187,18.32,31,16.65,2037,16.66,872
2021-09-28 09:36:09.984170-04:00,18.31,1187,18.32,31,16.66,1188,16.67,1217
2021-09-28 09:36:17.052272-04:00,18.31,1187,18.32,31,16.66,1188,16.67,1217
2021-09-28 09:36:17.052272-04:00,18.31,1187,18.32,31,16.66,1188,16.67,1217
2021-09-28 09:36:17.052272-04:00,18.31,1187,18.32,31,16.66,1827,16.67,1212
2021-09-28 09:36:23.323505-04:00,18.31,1187,18.32,31,16.66,1827,16.67,1212
2021-09-28 09:36:23.323505-04:00,18.31,1187,18.32,31,16.66,1827,16.67,1212
2021-09-28 09:36:23.323505-04:00,18.32,273,18.33,553,16.66,1827,16.67,1212
2021-09-28 09:36:23.323505-04:00,18.32,273,18.33,553,16.66,1827,16.67,1212
2021-09-28 09:36:23.323505-04:00,18.32,273,18.33,553,16.66,1798,16.67,2030
2021-09-28 09:36:36.708719-04:00,18.32,273,18.33,553,16.66,1798,16.67,2030
2021-09-28 09:36:36.708719-04:00,18.32,273,18.33,553,16.66,1798,16.67,2030
2021-09-28 09:36:36.708719-04:00,18.32,273,18.33,553,16.66,1798,16.67,2030
2021-09-28 09:36:36.708719-04:00,18.32,908,18.33,384,16.66,1798,16.67,2030
2021-09-28 09:36:36.708719-04:00,18.32,908,18.33,384,16.66,1798,16.67,2030
2021-09-28 09:36:36.708719-04:00,18.32,908,18.33,384,16.66,1798,16.67,2030
2021-09-28 09:36:50.141804-04:00,18.32,908,18.33,384,16.66,1798,16.67,2030
2021-09-28 09:36:50.141804-04:00,18.33,144,18.33,1,16.66,1990,16.67,827
2021-09-28 09:36:50.141804-04:00,18.33,144,18.33,1,16.66,1990,16.67,827
2021-09-28 09:36:50.141804-04:00,18.33,144,18.33,1,16.66,1990,16.67,824
2021-09-28 09:36:50.141804-04:00,18.33,77,18.33,1,16.66,1990,16.67,824
2021-09-28 09:36:50.141804-04:00,18.33,77,18.33,1,16.66,1990,16.67,824
2021-09-28 09:36:50.141804-04:00,18.33,77,18.33,1,16.66,1990,16.67,824
2021-09-28 09:36:50.141804-04:00,18.33,77,18.33,1,16.66,1990,16.67,824
2021-09-28 09:36:50.141804-04:00,18.32,869,18.33,1,16.66,1990,16.67,824
2021-09-28 09:37:06.899000-04:00,18.32,869,18.33,1,16.66,1990,16.67,824
2021-09-28 09:37:06.899000-04:00,18.32,869,18.33,1,16.66,1990,16.67,762
2021-09-28 09:37:06.899000-04:00,18.32,869,18.33,1,16.66,1990,16.67,762
2021-09-28 09:37:17.075792-04:00,18.32,869,18.33,1,16.67,168,16.67,171
2021-09-28 09:37:17.075792-04:00,18.33,838,18.34,409,16.67,168,16.67,171
2021-09-28 09:37:17.075792-04:00,18.33,838,18.34,409,16.67,168,16.67,171
2021-09-28 09:37:17.075792-04:00,18.33,838,18.34,409,16.67,168,16.67,171
2021-09-28 09:37:17.075792-04:00,18.33,838,18.34,409,16.67,168,16.67,171
2021-09-28 09:37:17.075792-04:00,18.33,838,18.34,409,16.67,168,16.67,171
2021-09-28 09:37:17.075792-04:00,18.32,534,18.33,479,16.67,168,16.67,171
2021-09-28 09:37:25.932113-04:00,18.32,534,18.33,479,16.67,168,16.67,171
2021-09-28 09:37:25.932113-04:00,18.32,534,18.33,479,16.66,1608,16.67,1619
2021-09-28 09:37:25.932113-04:00,18.32,534,18.33,479,16.66,1608,16.67,1619
2021-09-28 09:37:32.016845-04:00,18.32,534,18.33,479,16.66,1608,16.67,1619
2021-09-28 09:37:32.016845-04:00,18.32,534,18.33,479,16.66,1944,16.67,1619
2021-09-28 09:37:32.016845-04:00,18.32,534,18.33,479,16.66,1944,16.67,1619
2021-09-28 09:37:32.016845-04:00,18.32,793,18.34,711,16.66,1944,16.67,1619
2021-09-28 09:37:32.016845-04:00,18.32,793,18.34,711,16.66,1944,16.67,1619
2021-09-28 09:37:32.016845-04:00,18.32,870,18.33,1,16.66,2112,16.67,1619
2021-09-28 09:37:32.016845-04:00,18.32,870,18.33,1,16.66,2112,16.67,1619
2021-09-28 09:37:57.555567-04:00,18.33,367,18.34,521,16.66,1944,16.67,942
2021-09-28 09:37:57.555567-04:00,18.33,367,18.34,521,16.66,1944,16.67,942
2021-09-28 09:37:57.555567-04:00,18.33,367,18.34,521,16.66,1944,16.67,942
2021-09-28 09:37:57.555567-04:00,18.32,662,18.34,708,16.66,1944,16.67,942
2021-09-28 09:37:57.555567-04:00,18.32,662,18.34,708,16.66,1944,16.67,942
2021-09-28 09:38:06.954437-04:00,18.32,662,18.34,708,16.66,1944,16.67,942
2021-09-28 09:38:06.954437-04:00,18.32,662,18.34,708,16.66,1776,16.67,1715
2021-09-28 09:38:16.975643-04:00,18.32,662,18.34,708,16.66,1776,16.67,1715
2021-09-28 09:38:16.975643-04:00,18.32,662,18.34,708,16.66,1776,16.67,1715
2021-09-28 09:38:16.975643-04:00,18.32,662,18.34,708,16.66,1944,16.67,1051
2021-09-28 09:38:16.975643-04:00,18.33,497,18.34,545,16.66,1944,16.67,1051
2021-09-28 09:38:18.980283-04:00,18.33,497,18.34,545,16.66,1944,16.67,1051
2021-09-28 09:38:18.980283-04:00,18.33,497,18.34,545,16.66,1944,16.67,1051
2021-09-28 09:38:18.980283-04:00,18.33,497,18.34,545,16.66,1944,16.67,1051
2021-09-28 09:38:18.980283-04:00,18.33,497,18.34,545,16.66,1944,16.67,846
2021-09-28 09:38:18.980283-04:00,18.33,905,18.34,387,16.66,1944,16.67,846
2021-09-28 09:38:37.590529-04:00,18.33,905,18.34,387,16.66,1944,16.67,846
2021-09-28 09:38:37.590529-04:00,18.33,770,18.35,705,16.66,1944,16.67,846
2021-09-28 09:38:37.590529-04:00,18.33,770,18.35,705,16.66,1944,16.67,846
2021-09-28 09:38:37.590529-04:00,18.33,770,18.35,705,16.66,1944,16.67,846
2021-09-28 09:38:37.590529-04:00,18.33,770,18.35,705,16.67,912,16.68,1799
2021-09-28 09:38:37.590529-04:00,18.33,770,18.35,705,16.67,912,16.68,1799
2021-09-28 09:38:46.050966-04:00,18.33,770,18.35,705,16.67,912,16.68,1799
2021-09-28 09:38:46.050966-04:00,18.33,770,18.35,705,16.66,2121,16.67,1343
2021-09-28 09:38:46.050966-04:00,18.33,829,18.34,635,16.66,2121,16.67,1343
2021-09-28 09:38:51.029597-04:00,18.33,1123,18.35,645,16.66,2121,16.67,1343
2021-09-28 09:38:51.029597-04:00,18.33,1123,18.35,645,16.67,1048,16.68,1341
2021-09-28 09:38:51.029597-04:00,18.33,1123,18.35,645,16.67,1048,16.68,1341
2021-09-28 09:39:04.433760-04:00,18.33,1123,18.35,645,16.67,1048,16.68,1341
2021-09-28 09:39:04.433760-04:00,18.33,1123,18.35,645,16.67,1939,16.68,1099
2021-09-28 09:39:05.856953-04:00,18.33,1123,18.35,645,16.67,1939,16.68,1099
2021-09-28 09:39:05.856953-04:00,18.33,1123,18.35,645,16.67,1939,16.68,1099
2021-09-28 09:39:05.856953-04:00,18.34,933,18.35,16,16.67,1939,16.68,1099
2021-09-28 09:39:05.856953-04:00,18.34,933,18.35,16,16.67,1939,16.68,1099
2021-09-28 09:39:05.856953-04:00,18.34,933,18.35,16,16.67,1939,16.68,1099
2021-09-28 09:39:09.862247-04:00,18.34,933,18.35,16,16.67,1939,16.68,1099
2021-09-28 09:39:09.862247-04:00,18.34,933,18.35,16,16.67,1939,16.68,1099
2021-09-28 09:39:09.862247-04:00,18.34,933,18.35,16,16.67,1939,16.68,1099
2021-09-28 09:39:09.862247-04:00,18.34,933,18.35,16,16.67,1939,16.68,1099
2021-09-28 09:39:17.850888-04:00,18.35,342,18.36,611,16.67,1939,16.68,1099
2021-09-28 09:39:17.850888-04:00,18.35,342,18.36,611,16.67,2151,16.68,1294
2021-09-28 09:39:22.856503-04:00,18.35,342,18.36,611,16.67,2151,16.68,1294
2021-09-28 09:39:22.856503-04:00,18.35,342,18.36,611,16.67,2151,16.68,1294
2021-09-28 09:39:22.856503-04:00,18.35,342,18.36,611,16.67,2151,16.68,1294
2021-09-28 09:39:22.856503-04:00,18.34,1188,18.35,294,16.67,2151,16.68,1294
2021-09-28 09:39:22.856503-04:00,18.34,1188,18.35,294,16.67,2143,16.68,1749
2021-09-28 09:39:22.856503-04:00,18.34,1188,18.35,294,16.67,1931,16.68,2172
2021-09-28 09:39:22.856503-04:00,18.34,1188,18.35,294,16.67,1931,16.68,2172
2021-09-28 09:39:35.883674-04:00,18.34,1188,18.35,294,16.67,1931,16.68,2172
2021-09-28 09:39:35.883674-04:00,18.33,820,18.35,877,16.67,1931,16.68,2172
2021-09-28 09:39:35.883674-04:00,18.33,820,18.35,877,16.67,1931,16.68,2172
2021-09-28 09:39:35.883674-04:00,18.33,820,18.35,877,16.67,1931,16.68,2172
2021-09-28 09:39:35.883674-04:00,18.33,820,18.35,877,16.67,1931,16.68,2172
2021-09-28 09:39:35.883674-04:00,18.33,820,18.35,877,16.67,1931,16.68,2172
2021-09-28 09:39:35.883674-04:00,18.33,1040,18.35,666,16.67,1931,16.68,2172
2021-09-28 09:39:35.883674-04:00,18.33,1040,18.35,666,16.67,1931,16.68,2172
2021-09-28 09:39:44.670183-04:00,18.33,1040,18.35,666,16.67,1931,16.68,2172
2021-09-28 09:39:44.670183-04:00,18.33,1040,18.35,666,16.67,1367,16.68,2172
2021-09-28 09:39:52.007566-04:00,18.33,1040,18.35,666,16.67,1367,16.68,2172
2021-09-28 09:39:52.007566-04:00,18.33,1040,18.35,666,16.67,1953,16.68,2172
2021-09-28 09:39:52.007566-04:00,18.33,1040,18.35,666,16.67,1953,16.68,2172
2021-09-28 09:39:52.007566-04:00,18.34,2,18.35,657,16.67,1953,16.68,2172
2021-09-28 09:39:52.007566-04:00,18.34,908,18.35,321,16.67,1953,16.68,2172
2021-09-28 09:39:52.007566-04:00,18.34,908,18.35,321,16.67,1953,16.68,2172
2021-09-28 09:39:52.007566-04:00,18.34,908,18.35,321,16.67,1953,16.68,2172
2021-09-28 09:39:52.007566-04:00,18.34,908,18.35,321,16.67,2357,16.68,2336
2021-09-28 09:40:06.959590-04:00,18.34,908,18.35,321,16.67,2357,16.68,2336
2021-09-28 09:40:06.959590-04:00,18.34,908,18.35,321,16.67,2357,16.68,2336
2021-09-28 09:40:06.959590-04:00,18.34,908,18.35,321,16.67,2357,16.68,2336
2021-09-28 09:40:06.959590-04:00,18.34,908,18.35,321,16.67,2145,16.68,1722
2021-09-28 09:40:06.959590-04:00,18.34,610,18.35,2,16.67,2145,16.68,1722
2021-09-28 09:40:06.959590-04:00,18.34,610,18.35,2,16.67,2145,16.68,1722
2021-09-28 09:40:13.972839-04:00,18.34,610,18.35,2,16.67,2145,16.68,1722
2021-09-28 09:40:18.982445-04:00,18.34,610,18.35,2,16.67,2145,16.68,1722
2021-09-28 09:40:18.982445-04:00,18.34,610,18.35,2,16.67,2145,16.68,1722
2021-09-28 09:40:18.982445-04:00,18.34,610,18.35,2,16.67,2569,16.68,1725
2021-09-28 09:40:18.982445-04:00,18.35,61,18.36,668,16.67,2569,16.68,1725
2021-09-28 09:40:18.982445-04:00,18.35,299,18.36,684,16.67,2569,16.68,1725
2021-09-28 09:40:18.982445-04:00,18.35,299,18.36,684,16.67,2569,16.68,1725
2021-09-28 09:40:18.982445-04:00,18.35,299,18.36,684,16.67,2569,16.68,1712
2021-09-28 09:40:38.441419-04:00,18.35,299,18.36,684,16.67,2569,16.68,1712
2021-09-28 09:40:38.441419-04:00,18.35,299,18.36,684,16.67,2569,16.68,1712
2021-09-28 09:40:45.873549-04:00,18.35,299,18.36,684,16.67,2569,16.68,1712
2021-09-28 09:40:45.873549-04:00,18.35,544,18.36,396,16.67,2569,16.68,1712
2021-09-28 09:40:45.873549-04:00,18.35,544,18.36,396,16.67,2357,16.68,1310
2021-09-28 09:40:45.873549-04:00,18.35,544,18.36,396,16.67,2357,16.68,1310
2021-09-28 09:40:45.873549-04:00,18.35,544,18.36,396,16.67,2357,16.68,1310
2021-09-28 09:40:45.873549-04:00,18.35,544,18.36,396,16.67,2357,16.68,1310
2021-09-28 09:40:45.873549-04:00,18.34,1007,18.35,98,16.67,2357,16.68,1310
2021-09-28 09:40:56.046352-04:00,18.34,1007,18.35,98,16.67,2357,16.68,1310
2021-09-28 09:40:56.046352-04:00,18.34,1007,18.35,98,16.67,2145,16.68,1683
2021-09-28 09:41:06.066561-04:00,18.34,1007,18.35,98,16.67,2145,16.68,1683
2021-09-28 09:41:06.066561-04:00,18.34,1007,18.35,98,16.67,2011,16.68,2333
2021-09-28 09:41:06.066561-04:00,18.34,368,18.35,464,16.67,2011,16.68,2333
2021-09-28 09:41:06.066561-04:00,18.34,368,18.35,464,16.67,2011,16.68,2333
2021-09-28 09:41:06.066561-04:00,18.34,368,18.35,464,16.67,2011,16.68,2333
2021-09-28 09:41:06.066561-04:00,18.34,368,18.35,464,16.67,2011,16.68,2333
2021-09-28 09:41:06.066561-04:00,18.33,992,18.34,110,16.67,2011,16.68,2333
2021-09-28 09:41:06.066561-04:00,18.33,992,18.34,110,16.67,2011,16.68,2333
2021-09-28 09:41:18.813482-04:00,18.33,992,18.34,110,16.67,2011,16.68,2333
2021-09-28 09:41:18.813482-04:00,18.33,992,18.34,110,16.67,2011,16.68,2333
2021-09-28 09:41:18.813482-04:00,18.33,992,18.34,110,16.67,1630,16.68,2333
2021-09-28 09:41:18.813482-04:00,18.33,992,18.34,110,16.67,1630,16.68,2333
2021-09-28 09:41:18.813482-04:00,18.33,967,18.34,208,16.67,1630,16.68,2333
2021-09-28 09:41:18.813482-04:00,18.33,967,18.34,208,16.67,1312,16.68,2133
2021-09-28 09:41:33.874215-04:00,18.33,967,18.34,208,16.67,1312,16.68,2133
2021-09-28 09:41:33.874215-04:00,18.33,967,18.34,208,16.67,1312,16.68,2133
2021-09-28 09:41:33.874215-04:00,18.33,967,18.34,208,16.67,1312,16.68,2133
2021-09-28 09:41:33.874215-04:00,18.33,1415,18.34,2,16.67,1312,16.68,2133
2021-09-28 09:41:33.874215-04:00,18.33,1415,18.34,2,16.67,1578,16.68,2121
2021-09-28 09:41:33.874215-04:00,18.33,1415,18.34,2,16.67,1578,16.68,2121
2021-09-28 09:41:33.874215-04:00,18.33,1415,18.34,2,16.67,1578,16.68,2121
2021-09-28 09:41:45.960899-04:00,18.33,1415,18.34,2,16.67,1578,16.68,2121
2021-09-28 09:41:45.960899-04:00,18.33,1151,18.34,11,16.67,1578,16.68,2121
2021-09-28 09:41:45.960899-04:00,18.33,1151,18.34,11,16.67,1020,16.68,2333
2021-09-28 09:41:45.960899-04:00,18.33,1151,18.34,11,16.67,1020,16.68,2333
2021-09-28 09:41:45.960899-04:00,18.33,1151,18.34,11,16.67,1020,16.68,2333
2021-09-28 09:41:55.012698-04:00,18.33,1151,18.34,11,16.67,1020,16.68,2333
2021-09-28 09:41:55.012698-04:00,18.33,1151,18.34,11,16.67,1020,16.68,2333
2021-09-28 09:41:55.012698-04:00,18.33,1112,18.34,2,16.67,1020,16.68,2333
2021-09-28 09:41:55.012698-04:00,18.33,1112,18.34,2,16.67,1266,16.68,2345
2021-09-28 09:41:55.012698-04:00,18.33,1112,18.34,2,16.67,1266,16.68,2345
2021-09-28 09:41:55.012698-04:00,18.33,1051,18.34,72,16.67,1266,16.68,2345
2021-09-28 09:41:55.012698-04:00,18.33,1051,18.34,72,16.67,909,16.68,2225
2021-09-28 09:42:07.037549-04:00,18.33,1051,18.34,72,16.67,909,16.68,2225
2021-09-28 09:42:07.037549-04:00,18.33,1051,18.34,72,16.67,909,16.68,2225
2021-09-28 09:42:07.037549-04:00,18.33,1051,18.34,72,16.67,909,16.68,2225
2021-09-28 09:42:17.056761-04:00,18.33,1046,18.34,13,16.67,909,16.68,2225
2021-09-28 09:42:17.056761-04:00,18.33,1046,18.34,13,16.67,909,16.68,2225
2021-09-28 09:42:17.056761-04:00,18.33,1046,18.34,13,16.67,909,16.68,2225
2021-09-28 09:42:25.904108-04:00,18.33,1046,18.34,13,16.67,909,16.68,2225
2021-09-28 09:42:25.904108-04:00,18.33,1100,18.34,272,16.67,909,16.68,2225
2021-09-28 09:42:25.904108-04:00,18.33,1100,18.34,272,16.67,24,16.68,2060
2021-09-28 09:42:39.291317-04:00,18.33,1100,18.34,272,16.67,24,16.68,2060
2021-09-28 09:42:39.291317-04:00,18.33,1100,18.34,272,16.67,24,16.68,2060
2021-09-28 09:42:39.291317-04:00,18.33,1044,18.34,230,16.67,24,16.68,2060
2021-09-28 09:42:39.291317-04:00,18.33,1044,18.34,230,16.66,2216,16.67,777
2021-09-28 09:42:39.291317-04:00,18.33,1044,18.34,230,16.66,2216,16.67,777
2021-09-28 09:42:39.291317-04:00,18.33,1044,18.34,230,16.66,2216,16.67,777
2021-09-28 09:42:39.291317-04:00,18.33,1044,18.34,230,16.66,2216,16.67,777
2021-09-28 09:42:39.291317-04:00,18.33,1044,18.34,230,16.66,2216,16.67,777
2021-09-28 09:42:39.291317-04:00,18.33,1044,18.34,230,16.66,2216,16.67,777
2021-09-28 09:42:39.291317-04:00,18.33,1060,18.34,36,16.66,2640,16.67,287
2021-09-28 09:42:39.291317-04:00,18.33,1060,18.34,36,16.66,2640,16.67,287
2021-09-28 09:42:39.291317-04:00,18.33,1060,18.34,36,16.66,2640,16.67,287
2021-09-28 09:42:39.291317-04:00,18.33,1157,18.34,14,16.66,2640,16.67,287
2021-09-28 09:42:54.886621-04:00,18.33,1157,18.34,14,16.66,2640,16.67,287
2021-09-28 09:42:54.886621-04:00,18.33,1157,18.34,14,16.66,2640,16.67,287
2021-09-28 09:42:54.886621-04:00,18.33,1157,18.34,14,16.66,2640,16.67,287
2021-09-28 09:42:54.886621-04:00,18.33,1157,18.34,14,16.67,1313,16.68,2084
2021-09-28 09:42:54.886621-04:00,18.33,1157,18.34,14,16.67,1313,16.68,2084
2021-09-28 09:42:54.886621-04:00,18.33,1157,18.34,14,16.67,1313,16.68,2084
2021-09-28 09:42:59.896225-04:00,18.33,1157,18.34,14,16.67,1313,16.68,2084
2021-09-28 09:42:59.896225-04:00,18.33,1096,18.34,244,16.67,1313,16.68,2084
2021-09-28 09:42:59.896225-04:00,18.33,1096,18.34,244,16.67,1313,16.68,2084
2021-09-28 09:42:59.896225-04:00,18.33,1096,18.34,244,16.67,272,16.68,2223
2021-09-28 09:42:59.896225-04:00,18.33,1096,18.34,244,16.67,1112,16.68,2122
2021-09-28 09:43:19.443964-04:00,18.33,1164,18.34,127,16.67,1112,16.68,2122
2021-09-28 09:43:19.443964-04:00,18.33,1164,18.34,127,16.67,1112,16.68,2122
2021-09-28 09:43:19.443964-04:00,18.33,1164,18.34,127,16.67,1112,16.68,2122
2021-09-28 09:43:19.443964-04:00,18.33,1164,18.34,127,16.67,1601,16.68,2098
2021-09-28 09:43:27.031677-04:00,18.33,1164,18.34,127,16.67,1601,16.68,2098
2021-09-28 09:43:27.031677-04:00,18.33,1115,18.34,114,16.67,1601,16.68,2098
2021-09-28 09:43:27.031677-04:00,18.33,1115,18.34,114,16.67,1601,16.68,2098
2021-09-28 09:43:35.047247-04:00,18.33,1115,18.34,114,16.67,1601,16.68,2098
2021-09-28 09:43:35.047247-04:00,18.33,1109,18.34,114,16.67,1601,16.68,2098
2021-09-28 09:43:35.047247-04:00,18.33,1109,18.34,114,16.67,1601,16.68,2098
2021-09-28 09:43:35.047247-04:00,18.33,1109,18.34,114,16.67,1601,16.68,2098
2021-09-28 09:43:35.047247-04:00,18.33,1109,18.34,114,16.67,1601,16.68,2098
2021-09-28 09:43:35.047247-04:00,18.33,1109,18.34,114,16.67,1601,16.68,2098
2021-09-28 09:43:35.047247-04:00,18.33,1109,18.34,114,16.67,1676,16.68,2098
2021-09-28 09:43:35.047247-04:00,18.33,1109,18.34,114,16.67,1676,16.68,2098
2021-09-28 09:43:35.047247-04:00,18.33,1109,18.34,114,16.67,1676,16.68,2098
2021-09-28 09:43:46.215390-04:00,18.33,1109,18.34,114,16.67,1676,16.68,2098
2021-09-28 09:43:46.215390-04:00,18.33,1109,18.34,114,16.67,1676,16.68,2098
2021-09-28 09:43:46.215390-04:00,18.33,1109,18.34,114,16.67,1767,16.68,2310
2021-09-28 09:43:46.215390-04:00,18.33,1109,18.34,114,16.67,1767,16.68,2310
2021-09-28 09:43:46.215390-04:00,18.33,1116,18.34,118,16.67,1767,16.68,2310
2021-09-28 09:43:46.215390-04:00,18.33,1116,18.34,118,16.67,1767,16.68,2310
2021-09-28 09:43:46.215390-04:00,18.33,1116,18.34,118,16.67,1767,16.68,2310
2021-09-28 09:43:46.215390-04:00,18.33,1116,18.34,118,16.67,1767,16.68,2310
2021-09-28 09:43:46.215390-04:00,18.33,1116,18.34,118,16.67,1825,16.68,1699
2021-09-28 09:43:46.215390-04:00,18.34,103,18.35,618,16.67,1825,16.68,1699
2021-09-28 09:43:59.612569-04:00,18.34,103,18.35,618,16.67,1825,16.68,1699
2021-09-28 09:43:59.612569-04:00,18.34,103,18.35,618,16.67,1825,16.68,1699
2021-09-28 09:43:59.612569-04:00,18.34,103,18.35,618,16.67,2013,16.68,2123
2021-09-28 09:44:06.868173-04:00,18.34,63,18.35,928,16.67,2013,16.68,2123
2021-09-28 09:44:06.868173-04:00,18.34,63,18.35,928,16.67,2013,16.68,2123
2021-09-28 09:44:06.868173-04:00,18.34,63,18.35,928,16.67,941,16.68,2123
2021-09-28 09:44:06.868173-04:00,18.34,33,18.35,933,16.67,941,16.68,2123
2021-09-28 09:44:13.018725-04:00,18.34,33,18.35,933,16.67,941,16.68,2123
2021-09-28 09:44:13.018725-04:00,18.34,33,18.35,933,16.67,941,16.68,2123
2021-09-28 09:44:13.018725-04:00,18.34,33,18.35,933,16.67,1045,16.68,2061
2021-09-28 09:44:13.018725-04:00,18.34,33,18.35,933,16.67,1045,16.68,2061
2021-09-28 09:44:26.355069-04:00,18.34,33,18.35,933,16.67,1045,16.68,2061
2021-09-28 09:44:26.355069-04:00,18.34,138,18.35,929,16.67,1045,16.68,2061
2021-09-28 09:44:26.355069-04:00,18.34,138,18.35,929,16.67,1035,16.68,2061
2021-09-28 09:44:31.916201-04:00,18.34,138,18.35,929,16.67,1035,16.68,2061
2021-09-28 09:44:31.916201-04:00,18.34,138,18.35,929,16.67,1035,16.68,2061
2021-09-28 09:44:31.916201-04:00,18.34,202,18.35,902,16.67,1035,16.68,2061
2021-09-28 09:44:41.868593-04:00,18.34,202,18.35,902,16.67,1035,16.68,2061
2021-09-28 09:44:41.868593-04:00,18.34,202,18.35,902,16.67,1834,16.68,2061
2021-09-28 09:44:41.868593-04:00,18.34,202,18.35,902,16.67,1834,16.68,2061
2021-09-28 09:44:41.868593-04:00,18.34,202,18.35,902,16.67,1834,16.68,2061
2021-09-28 09:44:41.868593-04:00,18.34,202,18.35,902,16.67,1834,16.68,2061
2021-09-28 09:44:41.868593-04:00,18.34,191,18.35,906,16.67,1834,16.68,2061
2021-09-28 09:44:41.868593-04:00,18.34,191,18.35,906,16.67,1834,16.68,2061
2021-09-28 09:44:41.868593-04:00,18.34,191,18.35,906,16.67,1834,16.68,2061
2021-09-28 09:44:41.868593-04:00,18.34,191,18.35,906,16.67,1834,16.68,2061
2021-09-28 09:44:56.919353-04:00,18.34,191,18.35,906,16.67,1834,16.68,2061
2021-09-28 09:44:56.919353-04:00,18.34,212,18.35,813,16.67,1834,16.68,2061
2021-09-28 09:44:56.919353-04:00,18.34,212,18.35,813,16.67,1679,16.68,1763
2021-09-28 09:44:56.919353-04:00,18.34,212,18.35,813,16.67,1679,16.68,1763
2021-09-28 09:44:58.009441-04:00,18.34,212,18.35,813,16.67,1679,16.68,1763
2021-09-28 09:44:58.009441-04:00,18.34,212,18.35,813,16.67,1679,16.68,1763
2021-09-28 09:45:07.007380-04:00,18.34,212,18.35,813,16.67,1679,16.68,1763
2021-09-28 09:45:07.007380-04:00,18.34,212,18.35,813,16.67,1679,16.68,1763
2021-09-28 09:45:07.007380-04:00,18.35,140,18.36,1126,16.67,1679,16.68,1763
2021-09-28 09:45:07.007380-04:00,18.35,140,18.36,1126,16.67,2545,16.68,2501
2021-09-28 09:45:07.007380-04:00,18.35,140,18.36,1126,16.67,2545,16.68,2501
2021-09-28 09:45:07.007380-04:00,18.35,140,18.36,1126,16.67,2545,16.68,2501
2021-09-28 09:45:07.007380-04:00,18.35,140,18.36,1126,16.67,2545,16.68,2501
2021-09-28 09:45:20.010617-04:00,18.35,140,18.36,1126,16.67,2545,16.68,2501
2021-09-28 09:45:20.010617-04:00,18.34,1414,18.35,568,16.67,2545,16.68,2501
2021-09-28 09:45:20.010617-04:00,18.34,1414,18.35,568,16.67,2484,16.68,2872
2021-09-28 09:45:20.010617-04:00,18.34,1414,18.35,568,16.67,2484,16.68,2872
2021-09-28 09:45:23.990976-04:00,18.34,1414,18.35,568,16.67,2484,16.68,2872
2021-09-28 09:45:23.990976-04:00,18.34,1414,18.35,568,16.67,2632,16.68,2571
2021-09-28 09:45:23.990976-04:00,18.34,1414,18.35,568,16.67,2632,16.68,2571
2021-09-28 09:45:23.990976-04:00,18.34,2017,18.35,289,16.67,2632,16.68,2571
2021-09-28 09:45:37.015159-04:00,18.34,2017,18.35,289,16.67,2632,16.68,2571
2021-09-28 09:45:37.015159-04:00,18.34,2017,18.35,289,16.67,2632,16.68,2571
2021-09-28 09:45:37.015159-04:00,18.34,1941,18.35,678,16.67,2632,16.68,2571
2021-09-28 09:45:37.015159-04:00,18.34,1941,18.35,678,16.67,2061,16.68,2391
2021-09-28 09:45:37.015159-04:00,18.34,1941,18.35,678,16.67,2061,16.68,2391
2021-09-28 09:45:37.015159-04:00,18.34,1941,18.35,678,16.67,2061,16.68,2391
2021-09-28 09:45:46.757107-04:00,18.34,1941,18.35,678,16.67,2061,16.68,2391
2021-09-28 09:45:46.757107-04:00,18.34,906,18.35,694,16.67,2061,16.68,2391
2021-09-28 09:45:46.757107-04:00,18.34,906,18.35,694,16.67,2061,16.68,2391
2021-09-28 09:45:46.757107-04:00,18.34,906,18.35,694,16.67,2061,16.68,2391
2021-09-28 09:45:46.757107-04:00,18.34,906,18.35,694,16.67,2223,16.68,2640
2021-09-28 09:45:46.757107-04:00,18.34,906,18.35,694,16.67,2223,16.68,2640
2021-09-28 09:45:55.047940-04:00,18.34,906,18.35,694,16.67,2223,16.68,2640
2021-09-28 09:45:55.047940-04:00,18.34,906,18.35,694,16.67,2223,16.68,2640
2021-09-28 09:45:55.047940-04:00,18.34,906,18.35,694,16.67,2223,16.68,2640
2021-09-28 09:45:55.047940-04:00,18.34,906,18.35,694,16.67,2223,16.68,2640
2021-09-28 09:45:55.047940-04:00,18.34,906,18.35,694,16.67,2870,16.68,2499
2021-09-28 09:45:55.047940-04:00,18.34,2321,18.35,79,16.67,2870,16.68,2499
2021-09-28 09:45:55.047940-04:00,18.34,2321,18.35,79,16.67,2870,16.68,2499
2021-09-28 09:46:07.069798-04:00,18.34,2321,18.35,79,16.67,2870,16.68,2499
2021-09-28 09:46:07.069798-04:00,18.34,1104,18.35,702,16.67,2870,16.68,2499
2021-09-28 09:46:07.069798-04:00,18.34,1104,18.35,702,16.67,2870,16.68,2499
2021-09-28 09:46:07.069798-04:00,18.34,1104,18.35,702,16.67,2069,16.68,2608
2021-09-28 09:46:10.077756-04:00,18.34,1104,18.35,702,16.67,2069,16.68,2608
2021-09-28 09:46:10.077756-04:00,18.34,1104,18.35,702,16.67,2069,16.68,2608
2021-09-28 09:46:10.077756-04:00,18.34,1104,18.35,702,16.67,2665,16.68,2254
2021-09-28 09:46:10.077756-04:00,18.34,1104,18.35,702,16.67,2665,16.68,2254
2021-09-28 09:46:17.090010-04:00,18.34,1104,18.35,702,16.67,2665,16.68,2254
2021-09-28 09:46:17.090010-04:00,18.34,2233,18.35,214,16.67,2665,16.68,2254
2021-09-28 09:46:17.090010-04:00,18.34,2233,18.35,214,16.67,2665,16.68,2254
2021-09-28 09:46:26.994526-04:00,18.34,2233,18.35,214,16.67,2665,16.68,2254
2021-09-28 09:46:26.994526-04:00,18.34,2333,18.35,233,16.67,2665,16.68,2254
2021-09-28 09:46:26.994526-04:00,18.34,2333,18.35,233,16.67,2665,16.68,2254
2021-09-28 09:46:26.994526-04:00,18.34,2333,18.35,233,16.67,2665,16.68,2254
2021-09-28 09:46:26.994526-04:00,18.34,2333,18.35,233,16.67,3095,16.68,2247
2021-09-28 09:46:26.994526-04:00,18.34,2333,18.35,233,16.67,3095,16.68,2247
2021-09-28 09:46:26.994526-04:00,18.34,2333,18.35,233,16.67,3095,16.68,2247
2021-09-28 09:46:26.994526-04:00,18.34,2333,18.35,233,16.67,3095,16.68,2247
2021-09-28 09:46:26.994526-04:00,18.34,2333,18.35,233,16.67,3095,16.68,2247
2021-09-28 09:46:40.226152-04:00,18.35,182,18.36,1759,16.67,3095,16.68,2247
2021-09-28 09:46:40.226152-04:00,18.35,182,18.36,1759,16.67,3323,16.68,2247
2021-09-28 09:46:40.229146-04:00,18.35,182,18.36,1759,16.67,3323,16.68,2247
2021-09-28 09:46:40.229146-04:00,18.35,182,18.36,1759,16.67,3323,16.68,2247
2021-09-28 09:46:47.034948-04:00,18.35,182,18.36,1759,16.67,3323,16.68,2247
2021-09-28 09:46:47.034948-04:00,18.34,1547,18.35,613,16.67,3323,16.68,2247
2021-09-28 09:46:47.034948-04:00,18.34,1547,18.35,613,16.67,3323,16.68,2247
2021-09-28 09:46:47.034948-04:00,18.34,1547,18.35,613,16.67,3323,16.68,2247
2021-09-28 09:46:47.034948-04:00,18.34,1547,18.35,613,16.67,2352,16.68,2263
2021-09-28 09:46:50.039915-04:00,18.34,1547,18.35,613,16.67,2352,16.68,2263
2021-09-28 09:46:50.039915-04:00,18.34,1547,18.35,613,16.67,2352,16.68,2263
2021-09-28 09:46:57.055158-04:00,18.34,1547,18.35,613,16.67,2352,16.68,2263
2021-09-28 09:46:57.055158-04:00,18.35,128,18.36,1956,16.67,2352,16.68,2263
2021-09-28 09:46:57.055158-04:00,18.35,128,18.36,1956,16.67,2352,16.68,2263
2021-09-28 09:46:57.055158-04:00,18.35,128,18.36,1956,16.67,2352,16.68,2263
2021-09-28 09:46:57.055158-04:00,18.35,128,18.36,1956,16.67,2904,16.68,2348
2021-09-28 09:46:57.055158-04:00,18.35,128,18.36,1956,16.67,2904,16.68,2348
2021-09-28 09:47:03.067085-04:00,18.35,128,18.36,1956,16.67,2904,16.68,2348
2021-09-28 09:47:03.067085-04:00,18.35,128,18.36,1956,16.67,2904,16.68,2348
2021-09-28 09:47:03.067085-04:00,18.34,3035,18.35,61,16.67,2904,16.68,2348
2021-09-28 09:47:03.067085-04:00,18.34,3035,18.35,61,16.67,3142,16.68,2298
2021-09-28 09:47:03.067085-04:00,18.34,3035,18.35,61,16.67,3142,16.68,2298
2021-09-28 09:47:03.067085-04:00,18.34,3035,18.35,61,16.67,3142,16.68,2298
2021-09-28 09:47:12.086968-04:00,18.34,3035,18.35,61,16.67,3142,16.68,2298
2021-09-28 09:47:12.086968-04:00,18.34,3035,18.35,61,16.67,3142,16.68,2298
2021-09-28 09:47:13.089289-04:00,18.34,3035,18.35,61,16.67,3142,16.68,2298
2021-09-28 09:47:13.089289-04:00,18.34,3035,18.35,61,16.67,3539,16.68,352
2021-09-28 09:47:13.089289-04:00,18.35,2130,18.36,246,16.67,3539,16.68,352
2021-09-28 09:47:25.866129-04:00,18.35,2130,18.36,246,16.67,3539,16.68,352
2021-09-28 09:47:25.866129-04:00,18.35,387,18.36,1831,16.67,3539,16.68,352
2021-09-28 09:47:25.866129-04:00,18.35,387,18.36,1831,16.67,3182,16.68,2921
2021-09-28 09:47:25.866129-04:00,18.35,387,18.36,1831,16.67,3182,16.68,2921
2021-09-28 09:47:25.866129-04:00,18.35,387,18.36,1831,16.67,3182,16.68,2921
2021-09-28 09:47:36.889656-04:00,18.35,387,18.36,1831,16.67,3182,16.68,2921
2021-09-28 09:47:36.889656-04:00,18.35,209,18.36,2284,16.67,3182,16.68,2921
2021-09-28 09:47:36.889656-04:00,18.35,209,18.36,2284,16.67,3186,16.68,3102
2021-09-28 09:47:36.889656-04:00,18.35,209,18.36,2284,16.67,3186,16.68,3102
2021-09-28 09:47:36.889656-04:00,18.35,209,18.36,2284,16.67,3186,16.68,3102
2021-09-28 09:47:36.889656-04:00,18.35,209,18.36,2284,16.67,3186,16.68,3102
2021-09-28 09:47:47.189120-04:00,18.35,274,18.36,1833,16.67,2335,16.68,2987
2021-09-28 09:47:47.189120-04:00,18.35,274,18.36,1833,16.67,2335,16.68,2987
2021-09-28 09:47:56.930077-04:00,18.35,274,18.36,1833,16.67,2335,16.68,2987
2021-09-28 09:47:56.930077-04:00,18.34,1614,18.35,1072,16.67,2335,16.68,2987
2021-09-28 09:47:56.930077-04:00,18.34,1614,18.35,1072,16.67,2335,16.68,2987
2021-09-28 09:47:56.930077-04:00,18.34,1614,18.35,1072,16.67,2995,16.68,2949
2021-09-28 09:47:56.930077-04:00,18.34,1614,18.35,1072,16.67,2995,16.68,2949
2021-09-28 09:47:56.930077-04:00,18.34,1614,18.35,1072,16.67,2995,16.68,2949
2021-09-28 09:47:56.930077-04:00,18.34,1614,18.35,1072,16.67,2995,16.68,2949
2021-09-28 09:47:56.930077-04:00,18.34,1614,18.35,1072,16.67,2995,16.68,2949
2021-09-28 09:48:06.949289-04:00,18.34,1614,18.35,1072,16.67,2995,16.68,2949
2021-09-28 09:48:06.949289-04:00,18.33,2205,18.34,164,16.67,2995,16.68,2949
2021-09-28 09:48:06.949289-04:00,18.33,2205,18.34,164,16.67,1733,16.68,3877
2021-09-28 09:48:06.949289-04:00,18.33,2205,18.34,164,16.67,1733,16.68,3877
2021-09-28 09:48:06.949289-04:00,18.33,2205,18.34,164,16.67,1733,16.68,3877
2021-09-28 09:48:06.949289-04:00,18.33,2205,18.34,164,16.67,1733,16.68,3877
2021-09-28 09:48:14.965855-04:00,18.33,2205,18.34,164,16.67,1733,16.68,3877
2021-09-28 09:48:14.965855-04:00,18.33,2205,18.34,164,16.67,1733,16.68,3877
2021-09-28 09:48:14.965855-04:00,18.33,2487,18.34,111,16.67,1733,16.68,3877
2021-09-28 09:48:14.965855-04:00,18.33,2487,18.34,111,16.67,2387,16.68,3898
2021-09-28 09:48:27.333790-04:00,18.33,2487,18.34,111,16.67,2387,16.68,3898
2021-09-28 09:48:27.334786-04:00,18.33,2487,18.34,111,16.67,2387,16.68,3898
2021-09-28 09:48:27.334786-04:00,18.33,2487,18.34,111,16.67,2387,16.68,3898
2021-09-28 09:48:27.339773-04:00,18.33,2487,18.34,111,16.67,2387,16.68,3898
2021-09-28 09:48:27.339773-04:00,18.33,2487,18.34,111,16.67,2387,16.68,3898
2021-09-28 09:48:27.339773-04:00,18.32,1084,18.33,1900,16.67,2387,16.68,3898
2021-09-28 09:48:27.339773-04:00,18.32,1084,18.33,1900,16.66,2313,16.67,4944
2021-09-28 09:48:27.339773-04:00,18.32,1084,18.33,1900,16.66,2313,16.67,4944
2021-09-28 09:48:27.339773-04:00,18.32,1084,18.33,1900,16.66,2313,16.67,4944
2021-09-28 09:48:27.339773-04:00,18.32,1084,18.33,1900,16.66,2313,16.67,4944
2021-09-28 09:48:27.339773-04:00,18.32,1084,18.33,1900,16.66,2313,16.67,4944
2021-09-28 09:48:37.013907-04:00,18.32,1084,18.33,1900,16.66,2313,16.67,4944
2021-09-28 09:48:37.013907-04:00,18.33,747,18.34,2244,16.66,2313,16.67,4944
2021-09-28 09:48:37.013907-04:00,18.33,747,18.34,2244,16.66,4448,16.67,3171
2021-09-28 09:48:37.013907-04:00,18.33,747,18.34,2244,16.66,4448,16.67,3171
2021-09-28 09:48:37.013907-04:00,18.33,747,18.34,2244,16.66,4448,16.67,3171
2021-09-28 09:48:47.035117-04:00,18.33,747,18.34,2244,16.66,4448,16.67,3171
2021-09-28 09:48:47.035117-04:00,18.34,837,18.35,1742,16.66,4448,16.67,3171
2021-09-28 09:48:47.035117-04:00,18.34,837,18.35,1742,16.67,3278,16.68,4152
2021-09-28 09:48:47.035117-04:00,18.34,837,18.35,1742,16.67,3278,16.68,4152
2021-09-28 09:48:56.054002-04:00,18.34,837,18.35,1742,16.67,3278,16.68,4152
2021-09-28 09:48:57.057320-04:00,18.34,837,18.35,1742,16.67,3278,16.68,4152
2021-09-28 09:48:57.057320-04:00,18.33,500,18.34,3149,16.67,3278,16.68,4152
2021-09-28 09:48:57.057320-04:00,18.33,500,18.34,3149,16.67,136,16.68,6177
2021-09-28 09:48:57.057320-04:00,18.33,500,18.34,3149,16.67,136,16.68,6177
2021-09-28 09:49:00.063283-04:00,18.33,500,18.34,3149,16.67,136,16.68,6177
2021-09-28 09:49:00.063283-04:00,18.33,500,18.34,3149,16.67,136,16.68,6177
2021-09-28 09:49:07.665955-04:00,18.33,500,18.34,3149,16.67,136,16.68,6177
2021-09-28 09:49:07.665955-04:00,18.33,418,18.34,3197,16.67,25,16.68,6772
2021-09-28 09:49:07.665955-04:00,18.33,418,18.34,3197,16.67,25,16.68,6772
2021-09-28 09:49:07.665955-04:00,18.33,418,18.34,3197,16.67,25,16.68,6772
2021-09-28 09:49:07.665955-04:00,18.33,418,18.34,3197,16.67,25,16.68,6772
2021-09-28 09:49:15.094096-04:00,18.33,418,18.34,3197,16.67,25,16.68,6772
2021-09-28 09:49:15.094096-04:00,18.33,418,18.34,3197,16.67,16,16.68,6373
2021-09-28 09:49:15.094096-04:00,18.33,418,18.34,3197,16.67,16,16.68,6373
2021-09-28 09:49:15.094096-04:00,18.33,313,18.34,3201,16.67,16,16.68,6373
2021-09-28 09:49:15.094096-04:00,18.33,313,18.34,3201,16.67,16,16.68,6373
2021-09-28 09:49:22.859334-04:00,18.33,313,18.34,3201,16.67,16,16.68,6373
2021-09-28 09:49:25.865298-04:00,18.33,313,18.34,3201,16.67,16,16.68,6373
2021-09-28 09:49:25.865298-04:00,18.33,313,18.34,3201,16.67,16,16.68,6373
2021-09-28 09:49:25.865298-04:00,18.34,546,18.35,2437,16.67,16,16.68,6373
2021-09-28 09:49:25.865298-04:00,18.34,546,18.35,2437,16.67,16,16.68,6373
2021-09-28 09:49:25.865298-04:00,18.34,546,18.35,2437,16.67,2829,16.68,3883
2021-09-28 09:49:30.875904-04:00,18.34,546,18.35,2437,16.67,2829,16.68,3883
2021-09-28 09:49:30.875904-04:00,18.34,546,18.35,2437,16.67,2829,16.68,3883
2021-09-28 09:49:37.139156-04:00,18.34,546,18.35,2437,16.67,2829,16.68,3883
2021-09-28 09:49:37.139156-04:00,18.34,1048,18.35,1106,16.67,2829,16.68,3883
2021-09-28 09:49:37.139156-04:00,18.34,1048,18.35,1106,16.67,2829,16.68,3883
2021-09-28 09:49:37.139156-04:00,18.34,1048,18.35,1106,16.67,3128,16.68,3461
2021-09-28 09:49:37.139156-04:00,18.34,1048,18.35,1106,16.67,3128,16.68,3461
2021-09-28 09:49:47.851516-04:00,18.34,1048,18.35,1106,16.67,3128,16.68,3461
2021-09-28 09:49:47.851516-04:00,18.34,849,18.35,1853,16.67,3461,16.68,3960
2021-09-28 09:49:47.851516-04:00,18.34,849,18.35,1853,16.67,3461,16.68,3960
2021-09-28 09:49:47.851516-04:00,18.34,927,18.35,1911,16.67,3461,16.68,3960
2021-09-28 09:49:47.851516-04:00,18.34,927,18.35,1911,16.67,3112,16.68,3685
2021-09-28 09:49:47.851516-04:00,18.34,927,18.35,1911,16.67,3112,16.68,3685
2021-09-28 09:49:56.930242-04:00,18.34,927,18.35,1911,16.67,3112,16.68,3685
2021-09-28 09:49:56.930242-04:00,18.34,927,18.35,1911,16.67,3112,16.68,3685
2021-09-28 09:50:06.952449-04:00,18.34,927,18.35,1911,16.67,3112,16.68,3685
2021-09-28 09:50:06.952449-04:00,18.34,927,18.35,1911,16.67,3112,16.68,3685
2021-09-28 09:50:06.952449-04:00,18.34,1416,18.35,1152,16.67,3112,16.68,3685
2021-09-28 09:50:06.952449-04:00,18.34,1416,18.35,1152,16.67,3112,16.68,3452
2021-09-28 09:50:06.952449-04:00,18.34,1416,18.35,1152,16.67,3112,16.68,3452
2021-09-28 09:50:06.952449-04:00,18.34,1416,18.35,1152,16.67,2879,16.68,3700
2021-09-28 09:50:14.693751-04:00,18.34,1416,18.35,1152,16.67,2879,16.68,3700
2021-09-28 09:50:14.966021-04:00,18.34,1416,18.35,1152,16.67,2879,16.68,3700
2021-09-28 09:50:14.966021-04:00,18.34,878,18.35,1983,16.67,2879,16.68,3700
2021-09-28 09:50:23.898145-04:00,18.34,878,18.35,1983,16.67,2879,16.68,3700
2021-09-28 09:50:23.898145-04:00,18.34,878,18.35,1983,16.67,2879,16.68,3700
2021-09-28 09:50:28.118858-04:00,18.34,786,18.35,1176,16.67,2879,16.68,3700
2021-09-28 09:50:28.118858-04:00,18.34,786,18.35,1176,16.67,3113,16.68,3190
2021-09-28 09:50:29.910070-04:00,18.34,786,18.35,1176,16.67,3113,16.68,3190
2021-09-28 09:50:29.910070-04:00,18.34,786,18.35,1176,16.67,3808,16.68,3034
2021-09-28 09:50:29.910070-04:00,18.34,786,18.35,1176,16.67,3808,16.68,3034
2021-09-28 09:50:36.922320-04:00,18.34,786,18.35,1176,16.67,3808,16.68,3034
2021-09-28 09:50:36.922320-04:00,18.34,2368,18.35,468,16.67,3808,16.68,3034
2021-09-28 09:50:41.929931-04:00,18.34,2368,18.35,468,16.67,3808,16.68,3034
2021-09-28 09:50:41.929931-04:00,18.34,2368,18.35,468,16.67,3808,16.68,3034
2021-09-28 09:50:41.929931-04:00,18.34,2368,18.35,468,16.67,3808,16.68,3034
2021-09-28 09:50:41.929931-04:00,18.34,2368,18.35,468,16.67,3808,16.68,3034
2021-09-28 09:50:45.937217-04:00,18.34,2368,18.35,468,16.67,3808,16.68,3034
2021-09-28 09:50:45.937217-04:00,18.35,897,18.36,2346,16.67,3808,16.68,3034
2021-09-28 09:50:45.937217-04:00,18.35,897,18.36,2346,16.67,4480,16.68,2934
2021-09-28 09:50:45.937217-04:00,18.35,897,18.36,2346,16.67,4480,16.68,2934
2021-09-28 09:50:56.951769-04:00,18.35,897,18.36,2346,16.67,4480,16.68,2934
2021-09-28 09:50:56.951769-04:00,18.34,3239,18.35,179,16.67,4480,16.68,2934
2021-09-28 09:50:56.951769-04:00,18.34,3239,18.35,179,16.67,4480,16.68,2934
2021-09-28 09:50:56.951769-04:00,18.34,3239,18.35,179,16.67,4249,16.68,3063
2021-09-28 09:50:59.956737-04:00,18.34,3239,18.35,179,16.67,4249,16.68,3063
2021-09-28 09:50:59.956737-04:00,18.34,3239,18.35,179,16.67,4249,16.68,3063
2021-09-28 09:51:08.235601-04:00,18.34,2977,18.35,507,16.67,4249,16.68,3063
2021-09-28 09:51:08.235601-04:00,18.34,2977,18.35,507,16.67,4503,16.68,2987
2021-09-28 09:51:08.235601-04:00,18.34,2977,18.35,507,16.67,4503,16.68,2987
2021-09-28 09:51:16.989198-04:00,18.34,2977,18.35,507,16.67,4503,16.68,2987
2021-09-28 09:51:16.989198-04:00,18.34,258,18.35,3347,16.67,4503,16.68,2987
2021-09-28 09:51:16.989198-04:00,18.34,258,18.35,3347,16.67,4503,16.68,2987
2021-09-28 09:51:16.989198-04:00,18.34,258,18.35,3347,16.67,1488,16.68,4228
2021-09-28 09:51:16.989198-04:00,18.34,258,18.35,3347,16.67,1544,16.68,4098
2021-09-28 09:51:16.989198-04:00,18.34,258,18.35,3347,16.67,1544,16.68,4098
2021-09-28 09:51:16.989198-04:00,18.34,258,18.35,3347,16.67,1544,16.68,4098
2021-09-28 09:51:27.011417-04:00,18.34,258,18.35,3347,16.67,1544,16.68,4098
2021-09-28 09:51:27.011417-04:00,18.34,334,18.35,2836,16.67,1544,16.68,4098
2021-09-28 09:51:27.011417-04:00,18.34,334,18.35,2836,16.67,1544,16.68,4098
2021-09-28 09:51:30.017378-04:00,18.34,334,18.35,2836,16.67,2909,16.68,4090
2021-09-28 09:51:30.017378-04:00,18.34,334,18.35,2836,16.67,2909,16.68,4090
2021-09-28 09:51:37.032622-04:00,18.34,334,18.35,2836,16.67,2909,16.68,4090
2021-09-28 09:51:37.032622-04:00,18.34,350,18.35,3031,16.67,2909,16.68,4090
2021-09-28 09:51:37.032622-04:00,18.34,350,18.35,3031,16.67,2909,16.68,4090
2021-09-28 09:51:45.049188-04:00,18.34,350,18.35,3031,16.67,2909,16.68,4090
2021-09-28 09:51:45.049188-04:00,18.34,350,18.35,3031,16.67,2905,16.68,4107
2021-09-28 09:51:45.049188-04:00,18.34,350,18.35,3031,16.67,2905,16.68,4107
2021-09-28 09:51:48.545841-04:00,18.34,350,18.35,3031,16.67,2905,16.68,4107
2021-09-28 09:51:48.545841-04:00,18.33,3404,18.34,127,16.67,2905,16.68,4107
2021-09-28 09:51:55.071422-04:00,18.33,3404,18.34,127,16.67,2905,16.68,4107
2021-09-28 09:51:55.071422-04:00,18.33,3404,18.34,127,16.67,2905,16.68,4107
2021-09-28 09:51:57.076033-04:00,18.33,3404,18.34,127,16.67,2905,16.68,4107
2021-09-28 09:51:57.076033-04:00,18.35,2762,18.36,539,16.67,2905,16.68,4107
2021-09-28 09:51:57.076033-04:00,18.35,2762,18.36,539,16.67,2905,16.68,4107
2021-09-28 09:51:57.076033-04:00,18.35,2762,18.36,539,16.67,4349,16.68,741
2021-09-28 09:52:05.094595-04:00,18.35,2762,18.36,539,16.67,4349,16.68,741
2021-09-28 09:52:07.100234-04:00,18.35,2762,18.36,539,16.67,4349,16.68,741
2021-09-28 09:52:07.100234-04:00,18.36,3070,18.37,1169,16.67,4349,16.68,741
2021-09-28 09:52:07.100234-04:00,18.36,3070,18.37,1169,16.67,4349,16.68,741
2021-09-28 09:52:07.100234-04:00,18.36,3070,18.37,1169,16.68,4780,16.69,3192
2021-09-28 09:52:07.100234-04:00,18.36,3070,18.37,1169,16.68,4780,16.69,3192
2021-09-28 09:52:15.867793-04:00,18.36,3070,18.37,1169,16.68,4780,16.69,3192
2021-09-28 09:52:15.867793-04:00,18.36,3070,18.37,1169,16.68,4780,16.69,3192
2021-09-28 09:52:15.867793-04:00,18.36,717,18.37,2300,16.68,4780,16.69,3192
2021-09-28 09:52:15.867793-04:00,18.36,717,18.37,2300,16.68,4958,16.69,4183
2021-09-28 09:52:15.867793-04:00,18.36,717,18.37,2300,16.68,4958,16.69,4183
2021-09-28 09:52:15.867793-04:00,18.36,717,18.37,2300,16.68,4958,16.69,4183
2021-09-28 09:52:28.658595-04:00,18.36,1728,18.37,1916,16.68,4958,16.69,4183
2021-09-28 09:52:28.658595-04:00,18.36,1728,18.37,1916,16.68,5206,16.69,4107
2021-09-28 09:52:28.658595-04:00,18.36,1728,18.37,1916,16.68,5206,16.69,4107
2021-09-28 09:52:28.658595-04:00,18.36,1728,18.37,1916,16.68,5206,16.69,4107
2021-09-28 09:52:35.897243-04:00,18.36,1728,18.37,1916,16.68,5206,16.69,4107
2021-09-28 09:52:36.900559-04:00,18.36,1728,18.37,1916,16.68,5206,16.69,4107
2021-09-28 09:52:36.900559-04:00,18.36,2298,18.37,1941,16.68,5206,16.69,4107
2021-09-28 09:52:36.900559-04:00,18.36,2298,18.37,1941,16.68,5299,16.69,3925
2021-09-28 09:52:44.917128-04:00,18.36,2298,18.37,1941,16.68,5299,16.69,3925
2021-09-28 09:52:44.917128-04:00,18.36,2298,18.37,1941,16.68,5299,16.69,3925
2021-09-28 09:52:44.917128-04:00,18.36,2298,18.37,1941,16.68,5299,16.69,3925
2021-09-28 09:52:44.917128-04:00,18.36,3241,18.37,205,16.68,5299,16.69,3925
2021-09-28 09:52:44.917128-04:00,18.36,3241,18.37,205,16.68,5299,16.69,3925
2021-09-28 09:52:44.917128-04:00,18.36,3241,18.37,205,16.68,5589,16.69,2908
2021-09-28 09:52:44.917128-04:00,18.36,3241,18.37,205,16.68,5589,16.69,2908
2021-09-28 09:52:44.917128-04:00,18.36,3241,18.37,205,16.68,5589,16.69,2908
2021-09-28 09:52:57.096563-04:00,18.36,3241,18.37,205,16.68,5589,16.69,2908
2021-09-28 09:52:57.096563-04:00,18.36,3648,18.37,1082,16.68,5589,16.69,2908
2021-09-28 09:52:57.096563-04:00,18.36,3648,18.37,1082,16.68,7020,16.69,2308
2021-09-28 09:52:58.848877-04:00,18.36,3648,18.37,1082,16.68,7020,16.69,2308
2021-09-28 09:53:08.821217-04:00,18.36,3648,18.37,1082,16.68,7020,16.69,2308
2021-09-28 09:53:08.821217-04:00,18.37,3186,18.38,404,16.68,6061,16.69,741
2021-09-28 09:53:08.821217-04:00,18.37,3186,18.38,404,16.68,6061,16.69,741
2021-09-28 09:53:08.821217-04:00,18.37,3186,18.38,404,16.68,6061,16.69,741
2021-09-28 09:53:13.875702-04:00,18.37,3186,18.38,404,16.68,6061,16.69,741
2021-09-28 09:53:14.878022-04:00,18.37,3186,18.38,404,16.68,6061,16.69,741
2021-09-28 09:53:14.878022-04:00,18.37,3186,18.38,404,16.68,6061,16.69,741
2021-09-28 09:53:15.880344-04:00,18.37,3186,18.38,404,16.69,3742,16.7,767
2021-09-28 09:53:15.880344-04:00,18.38,1869,18.39,667,16.69,3742,16.7,767
2021-09-28 09:53:22.227374-04:00,18.38,1869,18.39,667,16.69,3742,16.7,767
2021-09-28 09:53:22.227374-04:00,18.38,1869,18.39,667,16.69,3742,16.7,767
2021-09-28 09:53:26.899881-04:00,18.38,1869,18.39,667,16.69,3742,16.7,767
2021-09-28 09:53:26.899881-04:00,18.38,1869,18.39,667,16.69,5047,16.7,833
2021-09-28 09:53:26.899881-04:00,18.4,672,18.41,2140,16.69,5047,16.7,833
2021-09-28 09:53:26.899881-04:00,18.4,672,18.41,2140,16.69,5047,16.7,833
2021-09-28 09:53:26.899881-04:00,18.4,672,18.41,2140,16.69,5047,16.7,833
2021-09-28 09:53:36.917098-04:00,18.4,672,18.41,2140,16.69,5185,16.7,2413
2021-09-28 09:53:36.917098-04:00,18.39,2325,18.4,571,16.69,5185,16.7,2413
2021-09-28 09:53:48.977853-04:00,18.39,2325,18.4,571,16.69,5185,16.7,2413
2021-09-28 09:53:48.977853-04:00,18.39,2325,18.4,571,16.69,5185,16.7,2413
2021-09-28 09:53:48.977853-04:00,18.39,2325,18.4,571,16.69,5185,16.7,2413
2021-09-28 09:53:48.977853-04:00,18.39,2325,18.4,571,16.69,4738,16.7,2573
2021-09-28 09:53:48.977853-04:00,18.39,904,18.4,1883,16.69,4738,16.7,2573
2021-09-28 09:53:51.948908-04:00,18.39,904,18.4,1883,16.69,4738,16.7,2573
2021-09-28 09:53:51.948908-04:00,18.39,904,18.4,1883,16.69,4738,16.7,2573
2021-09-28 09:53:51.948908-04:00,18.39,904,18.4,1883,16.69,4738,16.7,2573
2021-09-28 09:53:56.960509-04:00,18.39,904,18.4,1883,16.69,4738,16.7,2573
2021-09-28 09:53:56.960509-04:00,18.39,904,18.4,1883,16.69,4065,16.7,2793
2021-09-28 09:53:56.960509-04:00,18.38,2433,18.39,317,16.69,4065,16.7,2793
2021-09-28 09:53:56.960509-04:00,18.38,2433,18.39,317,16.69,4065,16.7,2793
2021-09-28 09:53:56.960509-04:00,18.38,2433,18.39,317,16.69,4065,16.7,2793
2021-09-28 09:54:05.980396-04:00,18.38,2433,18.39,317,16.69,4065,16.7,2793
2021-09-28 09:54:05.980396-04:00,18.38,2433,18.39,317,16.69,4065,16.7,2793
2021-09-28 09:54:05.980396-04:00,18.38,2433,18.39,317,16.69,4094,16.7,2775
2021-09-28 09:54:05.980396-04:00,18.39,474,18.4,2835,16.69,4094,16.7,2775
2021-09-28 09:54:05.980396-04:00,18.39,474,18.4,2835,16.69,4094,16.7,2775
2021-09-28 09:54:05.980396-04:00,18.39,474,18.4,2835,16.69,4094,16.7,2775
2021-09-28 09:54:15.740302-04:00,18.39,474,18.4,2835,16.69,4094,16.7,2775
2021-09-28 09:54:15.740302-04:00,18.39,474,18.4,2835,16.69,4104,16.7,2757
2021-09-28 09:54:15.740302-04:00,18.39,286,18.4,2758,16.69,4104,16.7,2757
2021-09-28 09:54:29.094598-04:00,18.39,286,18.4,2758,16.69,4124,16.7,2775
2021-09-28 09:54:29.094598-04:00,18.39,198,18.4,3240,16.69,4124,16.7,2775
2021-09-28 09:54:29.094598-04:00,18.39,198,18.4,3240,16.69,4124,16.7,2775
2021-09-28 09:54:29.094598-04:00,18.39,198,18.4,3240,16.69,4124,16.7,2775
2021-09-28 09:54:35.043692-04:00,18.39,198,18.4,3240,16.69,4124,16.7,2775
2021-09-28 09:54:35.043692-04:00,18.39,198,18.4,3240,16.69,4124,16.7,2775
2021-09-28 09:54:35.043692-04:00,18.39,198,18.4,3240,16.69,4124,16.7,2775
2021-09-28 09:54:35.043692-04:00,18.39,198,18.4,3240,16.69,4909,16.7,2397
2021-09-28 09:54:35.043692-04:00,18.39,2044,18.4,1704,16.69,4909,16.7,2397
2021-09-28 09:54:42.476818-04:00,18.39,2044,18.4,1704,16.69,4909,16.7,2397
2021-09-28 09:54:42.476818-04:00,18.39,2044,18.4,1704,16.69,4909,16.7,2397
2021-09-28 09:54:42.476818-04:00,18.39,2044,18.4,1704,16.69,4909,16.7,2397
2021-09-28 09:54:42.476818-04:00,18.39,2044,18.4,1704,16.69,3854,16.7,2682
2021-09-28 09:54:42.476818-04:00,18.39,2044,18.4,1704,16.69,3854,16.7,2682
2021-09-28 09:54:42.476818-04:00,18.39,2044,18.4,1704,16.69,3854,16.7,2682
2021-09-28 09:54:42.476818-04:00,18.39,330,18.4,2628,16.69,3854,16.7,2682
2021-09-28 09:54:42.476818-04:00,18.39,330,18.4,2628,16.69,3854,16.7,2682
2021-09-28 09:54:42.476818-04:00,18.39,330,18.4,2628,16.69,3854,16.7,2682
2021-09-28 09:54:42.476818-04:00,18.39,330,18.4,2628,16.69,3857,16.7,2682
2021-09-28 09:54:42.476818-04:00,18.39,408,18.4,2708,16.69,3857,16.7,2682
2021-09-28 09:55:09.372910-04:00,18.4,1764,18.41,1811,16.7,1783,16.71,2223
2021-09-28 09:55:09.372910-04:00,18.4,1764,18.41,1811,16.7,1783,16.71,2223
2021-09-28 09:55:09.372910-04:00,18.4,1764,18.41,1811,16.7,1783,16.71,2223
2021-09-28 09:55:16.087954-04:00,18.4,1764,18.41,1811,16.7,1783,16.71,2223
2021-09-28 09:55:16.087954-04:00,18.4,1764,18.41,1811,16.7,1783,16.71,2223
2021-09-28 09:55:16.087954-04:00,18.39,2445,18.4,1682,16.7,1783,16.71,2223
2021-09-28 09:55:16.087954-04:00,18.39,2445,18.4,1682,16.7,222,16.71,6337
2021-09-28 09:55:22.730198-04:00,18.39,2445,18.4,1682,16.7,222,16.71,6337
2021-09-28 09:55:27.110485-04:00,18.39,2445,18.4,1682,16.7,222,16.71,6337
2021-09-28 09:55:27.110485-04:00,18.39,3995,18.4,41,16.7,222,16.71,6337
2021-09-28 09:55:27.110485-04:00,18.39,3995,18.4,41,16.7,2482,16.71,4920
2021-09-28 09:55:27.110485-04:00,18.39,3995,18.4,41,16.7,2482,16.71,4920
2021-09-28 09:55:37.128701-04:00,18.39,3995,18.4,41,16.7,2482,16.71,4920
2021-09-28 09:55:37.128701-04:00,18.39,3995,18.4,41,16.7,2482,16.71,4920
2021-09-28 09:55:37.128701-04:00,18.4,2874,18.41,367,16.7,2482,16.71,4920
2021-09-28 09:55:37.128701-04:00,18.4,2874,18.41,367,16.7,3125,16.71,3818
2021-09-28 09:55:37.128701-04:00,18.4,2874,18.41,367,16.7,3125,16.71,3818
2021-09-28 09:55:45.895261-04:00,18.4,2874,18.41,367,16.7,3125,16.71,3818
2021-09-28 09:55:45.895261-04:00,18.4,2874,18.41,367,16.7,3125,16.71,3818
2021-09-28 09:55:45.895261-04:00,18.4,2874,18.41,367,16.7,2924,16.71,4200
2021-09-28 09:55:45.895261-04:00,18.4,2874,18.41,367,16.7,2924,16.71,4200
2021-09-28 09:55:45.895261-04:00,18.4,669,18.41,2036,16.7,2924,16.71,4200
2021-09-28 09:55:49.902547-04:00,18.4,669,18.41,2036,16.7,2924,16.71,4200
2021-09-28 09:55:49.902547-04:00,18.4,669,18.41,2036,16.7,2924,16.71,4200
2021-09-28 09:55:49.902547-04:00,18.4,669,18.41,2036,16.7,2924,16.71,4200
2021-09-28 09:55:56.915798-04:00,18.4,669,18.41,2036,16.7,2924,16.71,4200
2021-09-28 09:55:56.915798-04:00,18.4,2758,18.41,504,16.7,2924,16.71,4200
2021-09-28 09:55:56.915798-04:00,18.4,2758,18.41,504,16.7,3415,16.71,3955
2021-09-28 09:56:03.322768-04:00,18.4,2758,18.41,504,16.7,3415,16.71,3955
2021-09-28 09:56:03.322768-04:00,18.4,2758,18.41,504,16.7,3415,16.71,3955
2021-09-28 09:56:06.937094-04:00,18.4,2758,18.41,504,16.7,3415,16.71,3955
2021-09-28 09:56:06.937094-04:00,18.4,2399,18.41,1380,16.7,3415,16.71,3955
2021-09-28 09:56:06.937094-04:00,18.4,2399,18.41,1380,16.7,3233,16.71,3629
2021-09-28 09:56:06.937094-04:00,18.4,2399,18.41,1380,16.7,3233,16.71,3629
2021-09-28 09:56:06.937094-04:00,18.4,2399,18.41,1380,16.7,3233,16.71,3629
2021-09-28 09:56:06.937094-04:00,18.4,2399,18.41,1380,16.7,3233,16.71,3629
2021-09-28 09:56:16.958302-04:00,18.4,2399,18.41,1380,16.7,3233,16.71,3629
2021-09-28 09:56:16.958302-04:00,18.42,1551,18.43,1966,16.7,3233,16.71,3629
2021-09-28 09:56:16.958302-04:00,18.42,1551,18.43,1966,16.7,6718,16.71,102
2021-09-28 09:56:16.958302-04:00,18.42,1551,18.43,1966,16.7,6718,16.71,102
2021-09-28 09:56:16.958302-04:00,18.42,1551,18.43,1966,16.7,6718,16.71,102
2021-09-28 09:56:30.134074-04:00,18.42,1551,18.43,1966,16.7,6718,16.71,102
2021-09-28 09:56:30.134074-04:00,18.42,2125,18.43,2403,16.7,7423,16.71,102
2021-09-28 09:56:30.134074-04:00,18.42,2125,18.43,2403,16.7,7423,16.71,102
2021-09-28 09:56:31.957200-04:00,18.42,2125,18.43,2403,16.7,7423,16.71,102
2021-09-28 09:56:31.957200-04:00,18.42,2125,18.43,2403,16.7,7423,16.71,102
2021-09-28 09:56:36.967805-04:00,18.42,2125,18.43,2403,16.7,7423,16.71,102
2021-09-28 09:56:36.967805-04:00,18.41,2943,18.42,2235,16.7,5118,16.71,3137
2021-09-28 09:56:36.967805-04:00,18.41,2943,18.42,2235,16.7,5118,16.71,3137
2021-09-28 09:56:43.982050-04:00,18.41,2943,18.42,2235,16.7,5118,16.71,3137
2021-09-28 09:56:43.982050-04:00,18.41,2943,18.42,2235,16.7,5118,16.71,3137
2021-09-28 09:56:46.990008-04:00,18.41,2943,18.42,2235,16.7,5118,16.71,3137
2021-09-28 09:56:46.990008-04:00,18.41,2943,18.42,2235,16.7,3459,16.71,4057
2021-09-28 09:56:46.990008-04:00,18.4,2684,18.41,669,16.7,3459,16.71,4057
2021-09-28 09:56:46.990008-04:00,18.4,2684,18.41,669,16.7,3459,16.71,4057
2021-09-28 09:56:46.990008-04:00,18.4,2684,18.41,669,16.7,3459,16.71,4057
2021-09-28 09:56:59.189149-04:00,18.4,2684,18.41,669,16.7,3459,16.71,4057
2021-09-28 09:56:59.189149-04:00,18.4,2684,18.41,669,16.7,3459,16.71,4057
2021-09-28 09:56:59.189149-04:00,18.4,2684,18.41,669,16.7,4277,16.71,3288
2021-09-28 09:56:59.189149-04:00,18.41,1536,18.42,1793,16.7,4277,16.71,3288
2021-09-28 09:57:04.198752-04:00,18.41,1536,18.42,1793,16.7,4185,16.71,3576
2021-09-28 09:57:04.198752-04:00,18.41,1536,18.42,1793,16.7,4185,16.71,3576
2021-09-28 09:57:09.115673-04:00,18.41,1536,18.42,1793,16.7,4185,16.71,3576
2021-09-28 09:57:09.115673-04:00,18.41,1676,18.42,2542,16.7,4185,16.71,3576
2021-09-28 09:57:09.115673-04:00,18.41,1676,18.42,2542,16.7,4185,16.71,3576
2021-09-28 09:57:09.115673-04:00,18.41,1676,18.42,2542,16.7,4185,16.71,3576
2021-09-28 09:57:09.115673-04:00,18.41,1676,18.42,2542,16.7,4185,16.71,3576
2021-09-28 09:57:09.115673-04:00,18.41,1676,18.42,2542,16.7,4451,16.71,3113
2021-09-28 09:57:09.115673-04:00,18.41,1676,18.42,2542,16.7,4451,16.71,3113
2021-09-28 09:57:19.258552-04:00,18.41,1676,18.42,2542,16.7,4451,16.71,3113
2021-09-28 09:57:19.258552-04:00,18.41,1614,18.42,2487,16.7,4451,16.71,3113
2021-09-28 09:57:19.258552-04:00,18.41,1614,18.42,2487,16.7,4451,16.71,3113
2021-09-28 09:57:19.258552-04:00,18.41,1614,18.42,2487,16.7,4451,16.71,3113
2021-09-28 09:57:29.089267-04:00,18.41,1614,18.42,2487,16.7,4451,16.71,3113
2021-09-28 09:57:29.089267-04:00,18.41,1614,18.42,2487,16.7,4451,16.71,3113
2021-09-28 09:57:29.089267-04:00,18.41,1614,18.42,2487,16.7,4759,16.71,3043
2021-09-28 09:57:29.089267-04:00,18.41,2656,18.42,890,16.7,4759,16.71,3043
2021-09-28 09:57:30.090591-04:00,18.41,2656,18.42,890,16.7,4759,16.71,3043
2021-09-28 09:57:39.337870-04:00,18.41,2656,18.42,890,16.7,4759,16.71,3043
2021-09-28 09:57:39.337870-04:00,18.41,2656,18.42,890,16.7,4759,16.71,3043
2021-09-28 09:57:39.337870-04:00,18.42,1258,18.43,2267,16.7,4759,16.71,3043
2021-09-28 09:57:39.337870-04:00,18.42,1258,18.43,2267,16.7,5766,16.71,645
2021-09-28 09:57:39.337870-04:00,18.42,1258,18.43,2267,16.7,5766,16.71,645
2021-09-28 09:57:39.337870-04:00,18.42,1258,18.43,2267,16.7,5766,16.71,645
2021-09-28 09:57:47.180901-04:00,18.42,1258,18.43,2267,16.7,5766,16.71,645
2021-09-28 09:57:47.180901-04:00,18.42,1258,18.43,2267,16.7,5766,16.71,645
2021-09-28 09:57:47.180901-04:00,18.42,1258,18.43,2267,16.7,5766,16.71,645
2021-09-28 09:57:47.180901-04:00,18.42,1258,18.43,2267,16.71,3237,16.72,4480
2021-09-28 09:57:47.180901-04:00,18.42,857,18.43,2345,16.71,3237,16.72,4480
2021-09-28 09:57:52.796885-04:00,18.42,857,18.43,2345,16.71,3237,16.72,4480
2021-09-28 09:57:58.098709-04:00,18.42,857,18.43,2345,16.71,3237,16.72,4480
2021-09-28 09:57:58.098709-04:00,18.42,857,18.43,2345,16.71,3237,16.72,4480
2021-09-28 09:57:58.098709-04:00,18.42,857,18.43,2345,16.71,3237,16.72,4480
2021-09-28 09:57:58.098709-04:00,18.42,1583,18.43,2382,16.71,3513,16.72,4419
2021-09-28 09:57:58.098709-04:00,18.42,1583,18.43,2382,16.71,3513,16.72,4419
2021-09-28 09:57:59.097040-04:00,18.42,1583,18.43,2382,16.71,3513,16.72,4419
2021-09-28 09:58:02.102006-04:00,18.42,1583,18.43,2382,16.71,3513,16.72,4419
2021-09-28 09:58:02.102006-04:00,18.42,1583,18.43,2382,16.71,3513,16.72,4419
2021-09-28 09:58:09.178133-04:00,18.42,1583,18.43,2382,16.71,3513,16.72,4419
2021-09-28 09:58:09.178133-04:00,18.41,2986,18.42,2199,16.71,143,16.72,6833
2021-09-28 09:58:09.178133-04:00,18.41,2986,18.42,2199,16.71,143,16.72,6833
2021-09-28 09:58:09.178133-04:00,18.41,2986,18.42,2199,16.71,143,16.72,6833
2021-09-28 09:58:19.599271-04:00,18.41,2986,18.42,2199,16.71,143,16.72,6833
2021-09-28 09:58:19.599271-04:00,18.41,2986,18.42,2199,16.71,143,16.72,6833
2021-09-28 09:58:19.599271-04:00,18.41,2986,18.42,2199,16.71,2397,16.72,4499
2021-09-28 09:58:19.599271-04:00,18.42,1478,18.43,2137,16.71,2397,16.72,4499
2021-09-28 09:58:19.599271-04:00,18.42,1478,18.43,2137,16.71,2397,16.72,4499
2021-09-28 09:58:19.599271-04:00,18.42,1478,18.43,2137,16.71,2397,16.72,4499
2021-09-28 09:58:19.599271-04:00,18.42,1478,18.43,2137,16.71,2397,16.72,4499
2021-09-28 09:58:27.282730-04:00,18.42,1478,18.43,2137,16.71,2397,16.72,4499
2021-09-28 09:58:27.282730-04:00,18.42,784,18.43,2399,16.71,2397,16.72,4499
2021-09-28 09:58:27.282730-04:00,18.42,784,18.43,2399,16.71,2401,16.72,4465
2021-09-28 09:58:32.916668-04:00,18.42,784,18.43,2399,16.71,2401,16.72,4465
2021-09-28 09:58:32.916668-04:00,18.42,784,18.43,2399,16.71,2401,16.72,4465
2021-09-28 09:58:32.916668-04:00,18.42,784,18.43,2399,16.71,2401,16.72,4465
2021-09-28 09:58:32.916668-04:00,18.42,784,18.43,2399,16.71,2401,16.72,4465
2021-09-28 09:58:39.307580-04:00,18.42,784,18.43,2399,16.71,2401,16.72,4465
2021-09-28 09:58:39.307580-04:00,18.42,784,18.43,2399,16.71,3737,16.72,3458
2021-09-28 09:58:39.307580-04:00,18.43,1515,18.44,948,16.71,3737,16.72,3458
2021-09-28 09:58:39.307580-04:00,18.43,1515,18.44,948,16.71,3737,16.72,3458
2021-09-28 09:58:39.307580-04:00,18.43,1515,18.44,948,16.71,3737,16.72,3458
2021-09-28 09:58:48.076266-04:00,18.43,1515,18.44,948,16.71,4611,16.72,3026
2021-09-28 09:58:48.076266-04:00,18.43,1515,18.44,948,16.71,4611,16.72,3026
2021-09-28 09:58:48.076266-04:00,18.43,1428,18.44,1884,16.71,4611,16.72,3026
2021-09-28 09:58:48.076266-04:00,18.43,1428,18.44,1884,16.71,4611,16.72,3026
2021-09-28 09:58:48.076266-04:00,18.43,1428,18.44,1884,16.71,4611,16.72,3026
2021-09-28 09:58:48.076266-04:00,18.43,1428,18.44,1884,16.71,4611,16.72,3026
2021-09-28 09:58:48.076266-04:00,18.44,751,18.45,2647,16.71,4611,16.72,3026
2021-09-28 09:58:48.076266-04:00,18.44,751,18.45,2647,16.71,4611,16.72,3026
2021-09-28 09:58:59.770002-04:00,18.44,751,18.45,2647,16.71,4611,16.72,3026
2021-09-28 09:58:59.770002-04:00,18.44,751,18.45,2647,16.72,3325,16.73,4926
2021-09-28 09:59:08.122671-04:00,18.44,751,18.45,2647,16.72,3325,16.73,4926
2021-09-28 09:59:08.122671-04:00,18.44,751,18.45,2647,16.72,3325,16.73,4926
2021-09-28 09:59:08.122671-04:00,18.44,751,18.45,2647,16.72,3325,16.73,4926
2021-09-28 09:59:08.122671-04:00,18.44,464,18.45,2526,16.72,3325,16.73,4926
2021-09-28 09:59:08.122671-04:00,18.44,464,18.45,2526,16.72,3325,16.73,4926
2021-09-28 09:59:08.122671-04:00,18.44,464,18.45,2526,16.72,195,16.73,5813
2021-09-28 09:59:08.122671-04:00,18.44,464,18.45,2526,16.72,195,16.73,5813
2021-09-28 09:59:08.122671-04:00,18.44,464,18.45,2526,16.72,195,16.73,5813
2021-09-28 09:59:18.145135-04:00,18.44,464,18.45,2526,16.72,195,16.73,5813
2021-09-28 09:59:18.145135-04:00,18.44,318,18.45,3198,16.72,195,16.73,5813
2021-09-28 09:59:19.146457-04:00,18.44,318,18.45,3198,16.72,195,16.73,5813
2021-09-28 09:59:19.146457-04:00,18.44,318,18.45,3198,16.72,245,16.73,5539
2021-09-28 09:59:27.163024-04:00,18.44,318,18.45,3198,16.72,245,16.73,5539
2021-09-28 09:59:27.163024-04:00,18.44,318,18.45,3198,16.71,4571,16.72,4039
2021-09-28 09:59:27.163024-04:00,18.44,318,18.45,3198,16.71,4571,16.72,4039
2021-09-28 09:59:27.163024-04:00,18.44,318,18.45,3198,16.71,4571,16.72,4039
2021-09-28 09:59:27.163024-04:00,18.43,2843,18.44,2716,16.71,4571,16.72,4039
2021-09-28 09:59:27.163024-04:00,18.43,2843,18.44,2716,16.71,4571,16.72,4039
2021-09-28 09:59:27.163024-04:00,18.43,2843,18.44,2716,16.71,4571,16.72,4039
2021-09-28 09:59:27.163024-04:00,18.43,2843,18.44,2716,16.71,4571,16.72,4039
2021-09-28 09:59:40.034988-04:00,18.43,1360,18.44,2550,16.71,4571,16.72,4039
2021-09-28 09:59:40.034988-04:00,18.43,1360,18.44,2550,16.71,4739,16.72,3760
2021-09-28 09:59:41.196887-04:00,18.43,1360,18.44,2550,16.71,4739,16.72,3760
2021-09-28 09:59:47.065213-04:00,18.43,1360,18.44,2550,16.71,4739,16.72,3760
2021-09-28 09:59:47.065213-04:00,18.43,1360,18.44,2550,16.71,4739,16.72,3760
2021-09-28 09:59:47.065213-04:00,18.43,1360,18.44,2550,16.71,5161,16.72,842
2021-09-28 09:59:47.065213-04:00,18.43,1360,18.44,2550,16.71,5161,16.72,842
2021-09-28 09:59:47.065213-04:00,18.43,3700,18.44,352,16.71,5161,16.72,842
2021-09-28 09:59:55.079764-04:00,18.43,3700,18.44,352,16.71,5161,16.72,842
2021-09-28 09:59:55.079764-04:00,18.43,3700,18.44,352,16.71,5161,16.72,842
2021-09-28 09:59:55.079764-04:00,18.43,3700,18.44,352,16.71,5161,16.72,842
2021-09-28 09:59:55.079764-04:00,18.43,3700,18.44,352,16.71,5161,16.72,842
2021-09-28 09:59:59.088048-04:00,18.45,2030,18.46,755,16.71,5161,16.72,842
2021-09-28 09:59:59.088048-04:00,18.45,2030,18.46,755,16.72,4690,16.73,3334
2021-09-28 09:59:59.088048-04:00,18.45,2030,18.46,755,16.72,4690,16.73,3334
2021-09-28 09:59:59.088048-04:00,18.45,2030,18.46,755,16.72,5661,16.73,1505
2021-09-28 09:59:59.088048-04:00,18.45,2030,18.46,755,16.72,5661,16.73,1505
2021-09-28 09:59:59.088048-04:00,18.45,2030,18.46,755,16.72,5661,16.73,1505
2021-09-28 09:59:59.088048-04:00,18.45,2030,18.46,755,16.72,5661,16.73,1505
2021-09-28 09:59:59.088048-04:00,18.45,4329,18.46,252,16.72,5661,16.73,1505
2021-09-28 10:00:09.134188-04:00,18.45,4329,18.46,252,16.72,5661,16.73,1505
2021-09-28 10:00:12.178050-04:00,18.45,4329,18.46,252,16.72,5661,16.73,1505
2021-09-28 10:00:20.195617-04:00,18.45,4329,18.46,252,16.72,5286,16.73,3636
2021-09-28 10:00:20.195617-04:00,18.45,4329,18.46,252,16.72,5286,16.73,3636
2021-09-28 10:00:20.195617-04:00,18.45,1321,18.46,1616,16.72,5286,16.73,3636
2021-09-28 10:00:20.224537-04:00,18.45,1321,18.46,1616,16.72,5286,16.73,3636
2021-09-28 10:00:20.224537-04:00,18.45,1321,18.46,1616,16.72,5286,16.73,3636
2021-09-28 10:00:20.224537-04:00,18.45,1321,18.46,1616,16.72,5286,16.73,3636
2021-09-28 10:00:20.224537-04:00,18.45,1321,18.46,1616,16.72,5547,16.73,3888
2021-09-28 10:00:20.224537-04:00,18.45,1321,18.46,1616,16.72,5547,16.73,3888
2021-09-28 10:00:20.224537-04:00,18.45,1321,18.46,1616,16.72,5547,16.73,3888
2021-09-28 10:00:20.224537-04:00,18.45,1335,18.46,1260,16.72,5547,16.73,3888
2021-09-28 10:00:29.171615-04:00,18.45,1335,18.46,1260,16.72,5547,16.73,3888
2021-09-28 10:00:29.171615-04:00,18.45,1335,18.46,1260,16.72,5547,16.73,3888
2021-09-28 10:00:29.171615-04:00,18.45,1335,18.46,1260,16.72,5844,16.73,3918
2021-09-28 10:00:29.171615-04:00,18.45,1335,18.46,1260,16.72,5844,16.73,3918
2021-09-28 10:00:29.171615-04:00,18.45,1335,18.46,1260,16.72,5844,16.73,3918
2021-09-28 10:00:29.171615-04:00,18.45,1335,18.46,1260,16.72,5844,16.73,3918
2021-09-28 10:00:39.189831-04:00,18.45,3484,18.46,1192,16.72,5844,16.73,3918
2021-09-28 10:00:48.203729-04:00,18.45,3484,18.46,1192,16.72,5844,16.73,3918
2021-09-28 10:00:48.203729-04:00,18.45,3484,18.46,1192,16.72,4218,16.73,3937
2021-09-28 10:00:48.203729-04:00,18.45,3484,18.46,1192,16.72,4218,16.73,3937
2021-09-28 10:00:49.207048-04:00,18.44,4201,18.45,317,16.72,4218,16.73,3937
2021-09-28 10:00:55.216981-04:00,18.44,4201,18.45,317,16.72,4218,16.73,3937
2021-09-28 10:00:55.216981-04:00,18.44,4201,18.45,317,16.72,5004,16.73,4597
2021-09-28 10:00:55.216981-04:00,18.44,4201,18.45,317,16.72,5004,16.73,4597
2021-09-28 10:01:00.569669-04:00,18.45,380,18.46,3139,16.72,5004,16.73,4597
2021-09-28 10:01:00.569669-04:00,18.45,380,18.46,3139,16.72,5004,16.73,4597
2021-09-28 10:01:06.261450-04:00,18.45,380,18.46,3139,16.72,5004,16.73,4597
2021-09-28 10:01:06.261450-04:00,18.45,380,18.46,3139,16.72,4182,16.73,4041
2021-09-28 10:01:08.266094-04:00,18.45,380,18.46,3139,16.72,4182,16.73,4041
2021-09-28 10:01:08.266094-04:00,18.45,380,18.46,3139,16.72,4182,16.73,4041
2021-09-28 10:01:08.266094-04:00,18.44,4728,18.45,62,16.72,4182,16.73,4041
2021-09-28 10:01:18.035008-04:00,18.44,4728,18.45,62,16.72,4523,16.73,3885
2021-09-28 10:01:18.035008-04:00,18.44,4728,18.45,62,16.72,4523,16.73,3885
2021-09-28 10:01:18.035008-04:00,18.44,4728,18.45,62,16.72,4523,16.73,3885
2021-09-28 10:01:18.035008-04:00,18.44,4134,18.45,62,16.72,4523,16.73,3885
2021-09-28 10:01:19.288657-04:00,18.44,4134,18.45,62,16.72,4523,16.73,3885
2021-09-28 10:01:28.054220-04:00,18.44,4134,18.45,62,16.72,4523,16.73,3885
2021-09-28 10:01:28.054220-04:00,18.44,4134,18.45,62,16.72,4523,16.73,3885
2021-09-28 10:01:28.054220-04:00,18.44,4134,18.45,62,16.72,3877,16.73,5199
2021-09-28 10:01:28.054220-04:00,18.44,4134,18.45,62,16.72,3877,16.73,5199
2021-09-28 10:01:28.054220-04:00,18.44,4134,18.45,62,16.72,3877,16.73,5199
2021-09-28 10:01:28.054220-04:00,18.44,1375,18.45,2066,16.72,3877,16.73,5199
2021-09-28 10:01:28.054220-04:00,18.44,1375,18.45,2066,16.72,3877,16.73,5199
2021-09-28 10:01:28.054220-04:00,18.44,1375,18.45,2066,16.72,4099,16.73,4893
2021-09-28 10:01:28.054220-04:00,18.44,1375,18.45,2066,16.72,4099,16.73,4893
2021-09-28 10:01:40.762246-04:00,18.44,1687,18.45,856,16.72,4099,16.73,4893
2021-09-28 10:01:40.762246-04:00,18.44,1687,18.45,856,16.72,4099,16.73,4893
2021-09-28 10:01:40.762246-04:00,18.44,1687,18.45,856,16.72,4099,16.73,4893
2021-09-28 10:01:40.762246-04:00,18.44,1687,18.45,856,16.72,5237,16.73,3036
2021-09-28 10:01:40.762246-04:00,18.44,1687,18.45,856,16.72,5237,16.73,3036
2021-09-28 10:01:48.092644-04:00,18.44,1687,18.45,856,16.72,5237,16.73,3036
2021-09-28 10:01:48.092644-04:00,18.45,4021,18.46,1598,16.72,5237,16.73,3036
2021-09-28 10:01:54.169400-04:00,18.45,4021,18.46,1598,16.72,5237,16.73,3036
2021-09-28 10:01:54.169400-04:00,18.45,4021,18.46,1598,16.72,5217,16.73,3280
2021-09-28 10:01:54.169400-04:00,18.45,4021,18.46,1598,16.72,5217,16.73,3280
2021-09-28 10:01:57.075628-04:00,18.45,3389,18.46,1019,16.72,5217,16.73,3280
2021-09-28 10:01:57.075628-04:00,18.45,3389,18.46,1019,16.72,5217,16.73,3280
2021-09-28 10:02:07.614453-04:00,18.45,3389,18.46,1019,16.72,5217,16.73,3280
2021-09-28 10:02:07.614453-04:00,18.45,3389,18.46,1019,16.72,5217,16.73,3280
2021-09-28 10:02:07.614453-04:00,18.45,3389,18.46,1019,16.72,5217,16.73,3280
2021-09-28 10:02:07.614453-04:00,18.45,3389,18.46,1019,16.73,4976,16.74,1607
2021-09-28 10:02:07.614453-04:00,18.46,4230,18.47,651,16.73,4976,16.74,1607
2021-09-28 10:02:07.614453-04:00,18.46,4230,18.47,651,16.73,4976,16.74,1607
2021-09-28 10:02:20.962764-04:00,18.46,4230,18.47,651,16.73,4374,16.74,4671
2021-09-28 10:02:20.962764-04:00,18.46,4230,18.47,651,16.73,4374,16.74,4671
2021-09-28 10:02:20.962764-04:00,18.46,4437,18.47,891,16.73,4374,16.74,4671
2021-09-28 10:02:20.966754-04:00,18.46,4437,18.47,891,16.73,4374,16.74,4671
2021-09-28 10:02:20.966754-04:00,18.46,4437,18.47,891,16.73,4374,16.74,4671
2021-09-28 10:02:20.966754-04:00,18.46,4437,18.47,891,16.73,4530,16.74,4015
2021-09-28 10:02:20.966754-04:00,18.46,4811,18.47,299,16.73,4530,16.74,4015
2021-09-28 10:02:20.966754-04:00,18.46,4811,18.47,299,16.73,4530,16.74,4015
2021-09-28 10:02:29.233650-04:00,18.46,4811,18.47,299,16.73,4530,16.74,4015
2021-09-28 10:02:29.233650-04:00,18.46,4811,18.47,299,16.73,4530,16.74,4015
2021-09-28 10:02:37.250352-04:00,18.46,4811,18.47,299,16.73,4530,16.74,4015
2021-09-28 10:02:37.250352-04:00,18.46,4811,18.47,299,16.73,4530,16.74,4015
2021-09-28 10:02:37.250352-04:00,18.46,4811,18.47,299,16.73,4530,16.74,4015
2021-09-28 10:02:37.250352-04:00,18.46,4811,18.47,299,16.72,3841,16.73,4814
2021-09-28 10:02:37.250352-04:00,18.44,2641,18.45,2254,16.72,3841,16.73,4814
2021-09-28 10:02:37.250352-04:00,18.44,2641,18.45,2254,16.72,3841,16.73,4814
2021-09-28 10:02:37.250352-04:00,18.44,2641,18.45,2254,16.72,3841,16.73,4814
2021-09-28 10:02:37.250352-04:00,18.44,2641,18.45,2254,16.72,3841,16.73,4814
2021-09-28 10:02:37.250352-04:00,18.44,2641,18.45,2254,16.72,3841,16.73,4814
2021-09-28 10:02:37.250352-04:00,18.44,2641,18.45,2254,16.72,3634,16.73,5346
2021-09-28 10:02:37.250352-04:00,18.44,2093,18.45,2486,16.72,3634,16.73,5346
2021-09-28 10:02:49.285270-04:00,18.44,2093,18.45,2486,16.72,3634,16.73,5346
2021-09-28 10:02:51.037598-04:00,18.44,2093,18.45,2486,16.72,3634,16.73,5346
2021-09-28 10:02:51.037598-04:00,18.44,2093,18.45,2486,16.72,3634,16.73,5346
2021-09-28 10:03:01.569429-04:00,18.44,2183,18.45,1106,16.72,4013,16.73,4553
2021-09-28 10:03:01.570427-04:00,18.44,2183,18.45,1106,16.72,4013,16.73,4553
2021-09-28 10:03:01.570427-04:00,18.44,2183,18.45,1106,16.72,4283,16.73,3867
2021-09-28 10:03:01.570427-04:00,18.44,2183,18.45,1106,16.72,4283,16.73,3867
2021-09-28 10:03:01.570427-04:00,18.44,3784,18.45,592,16.72,4283,16.73,3867
2021-09-28 10:03:09.071378-04:00,18.44,3784,18.45,592,16.72,4283,16.73,3867
2021-09-28 10:03:09.071378-04:00,18.44,3784,18.45,592,16.72,4283,16.73,3867
2021-09-28 10:03:09.071378-04:00,18.44,3784,18.45,592,16.72,4283,16.73,3867
2021-09-28 10:03:09.071378-04:00,18.44,3784,18.45,592,16.72,4283,16.73,3867
2021-09-28 10:03:18.086274-04:00,18.44,3784,18.45,592,16.72,5798,16.73,1573
2021-09-28 10:03:18.086274-04:00,18.44,3784,18.45,592,16.72,5798,16.73,1573
2021-09-28 10:03:18.086274-04:00,18.45,3346,18.46,949,16.72,5798,16.73,1573
2021-09-28 10:03:19.087593-04:00,18.45,3346,18.46,949,16.72,5798,16.73,1573
2021-09-28 10:03:28.317914-04:00,18.45,3346,18.46,949,16.72,5798,16.73,1573
2021-09-28 10:03:28.317914-04:00,18.45,3346,18.46,949,16.72,5798,16.73,1573
2021-09-28 10:03:28.317914-04:00,18.45,3346,18.46,949,16.73,2570,16.74,4815
2021-09-28 10:03:28.317914-04:00,18.46,1826,18.47,1976,16.73,2570,16.74,4815
2021-09-28 10:03:28.317914-04:00,18.46,1826,18.47,1976,16.73,2570,16.74,4815
2021-09-28 10:03:28.317914-04:00,18.46,1826,18.47,1976,16.73,2570,16.74,4815
2021-09-28 10:03:28.317914-04:00,18.46,1826,18.47,1976,16.73,2570,16.74,4815
2021-09-28 10:03:28.317914-04:00,18.46,1826,18.47,1976,16.73,2570,16.74,4815
2021-09-28 10:03:28.317914-04:00,18.46,1826,18.47,1976,16.72,5935,16.73,1920
2021-09-28 10:03:28.317914-04:00,18.45,2912,18.46,961,16.72,5935,16.73,1920
2021-09-28 10:03:41.714169-04:00,18.45,2912,18.46,961,16.72,5935,16.73,1920
2021-09-28 10:03:41.714169-04:00,18.45,2912,18.46,961,16.72,5935,16.73,1920
2021-09-28 10:03:47.156548-04:00,18.45,2912,18.46,961,16.72,5935,16.73,1920
2021-09-28 10:03:48.158878-04:00,18.45,2912,18.46,961,16.72,5935,16.73,1920
2021-09-28 10:03:48.158878-04:00,18.45,2912,18.46,961,16.72,7733,16.73,21
2021-09-28 10:03:48.158878-04:00,18.46,2457,18.47,2157,16.72,7733,16.73,21
2021-09-28 10:03:49.161188-04:00,18.46,2457,18.47,2157,16.72,7733,16.73,21
2021-09-28 10:03:49.161188-04:00,18.46,2457,18.47,2157,16.72,7733,16.73,21
2021-09-28 10:03:49.161188-04:00,18.46,2457,18.47,2157,16.73,4537,16.74,4407
2021-09-28 10:03:49.161188-04:00,18.46,2457,18.47,2157,16.73,4537,16.74,4407
2021-09-28 10:03:49.161188-04:00,18.46,3821,18.47,356,16.73,4537,16.74,4407
2021-09-28 10:03:49.161188-04:00,18.46,3821,18.47,356,16.73,4537,16.74,4407
2021-09-28 10:03:59.183393-04:00,18.46,3821,18.47,356,16.73,4537,16.74,4407
2021-09-28 10:03:59.183393-04:00,18.46,3821,18.47,356,16.73,4537,16.74,4407
2021-09-28 10:03:59.183393-04:00,18.46,3821,18.47,356,16.73,4537,16.74,4407
2021-09-28 10:03:59.183393-04:00,18.46,3821,18.47,356,16.73,4225,16.74,5075
2021-09-28 10:04:08.955366-04:00,18.46,3821,18.47,356,16.73,4225,16.74,5075
2021-09-28 10:04:08.955366-04:00,18.46,2394,18.47,1934,16.73,4225,16.74,5075
2021-09-28 10:04:08.955366-04:00,18.46,2394,18.47,1934,16.73,4225,16.74,5075
2021-09-28 10:04:08.955366-04:00,18.46,2394,18.47,1934,16.73,401,16.74,5517
2021-09-28 10:04:08.955366-04:00,18.45,3287,18.46,1020,16.73,401,16.74,5517
2021-09-28 10:04:08.955366-04:00,18.45,3287,18.46,1020,16.73,401,16.74,5517
2021-09-28 10:04:22.285725-04:00,18.45,3287,18.46,1020,16.73,401,16.74,5517
2021-09-28 10:04:22.285725-04:00,18.45,3287,18.46,1020,16.73,401,16.74,5517
2021-09-28 10:04:26.241147-04:00,18.45,3287,18.46,1020,16.73,401,16.74,5517
2021-09-28 10:04:26.241147-04:00,18.45,3287,18.46,1020,16.73,401,16.74,5517
2021-09-28 10:04:26.241147-04:00,18.45,3287,18.46,1020,16.73,967,16.74,4911
2021-09-28 10:04:26.241147-04:00,18.46,630,18.47,2774,16.73,967,16.74,4911
2021-09-28 10:04:26.241147-04:00,18.46,630,18.47,2774,16.73,967,16.74,4911
2021-09-28 10:04:37.267668-04:00,18.46,630,18.47,2774,16.73,967,16.74,4911
2021-09-28 10:04:37.267668-04:00,18.46,630,18.47,2774,16.73,9,16.74,6857
2021-09-28 10:04:37.267668-04:00,18.46,630,18.47,2774,16.73,9,16.74,6857
2021-09-28 10:04:37.267668-04:00,18.45,2899,18.46,1133,16.73,9,16.74,6857
2021-09-28 10:04:37.267668-04:00,18.45,2899,18.46,1133,16.73,9,16.74,6857
2021-09-28 10:04:37.267668-04:00,18.45,2899,18.46,1133,16.73,9,16.74,6857
2021-09-28 10:04:37.267668-04:00,18.45,2899,18.46,1133,16.73,9,16.74,6857
2021-09-28 10:04:49.094049-04:00,18.45,2899,18.46,1133,16.73,9,16.74,6857
2021-09-28 10:04:49.094049-04:00,18.45,2899,18.46,1133,16.73,373,16.74,5355
2021-09-28 10:04:49.094049-04:00,18.45,3640,18.46,508,16.73,373,16.74,5355
2021-09-28 10:04:57.057796-04:00,18.45,3640,18.46,508,16.73,373,16.74,5355
2021-09-28 10:04:57.057796-04:00,18.45,3640,18.46,508,16.73,373,16.74,5355
2021-09-28 10:04:57.057796-04:00,18.45,3640,18.46,508,16.73,373,16.74,5355
2021-09-28 10:04:57.057796-04:00,18.45,3640,18.46,508,16.73,3023,16.74,4728
2021-09-28 10:04:57.057796-04:00,18.46,3549,18.47,988,16.73,3023,16.74,4728
2021-09-28 10:04:57.057796-04:00,18.46,3549,18.47,988,16.73,3023,16.74,4728
2021-09-28 10:04:57.057796-04:00,18.46,3549,18.47,988,16.73,3023,16.74,4728
2021-09-28 10:04:57.057796-04:00,18.46,3549,18.47,988,16.73,3023,16.74,4728
2021-09-28 10:05:07.079036-04:00,18.46,3549,18.47,988,16.73,3023,16.74,4728
2021-09-28 10:05:07.079036-04:00,18.46,3549,18.47,988,16.73,3023,16.74,4728
2021-09-28 10:05:07.079036-04:00,18.46,1677,18.47,984,16.73,3016,16.74,4756
2021-09-28 10:05:09.084740-04:00,18.46,1677,18.47,984,16.73,3016,16.74,4756
2021-09-28 10:05:09.084740-04:00,18.46,1677,18.47,984,16.73,3016,16.74,4756
2021-09-28 10:05:09.084740-04:00,18.46,1677,18.47,984,16.73,3016,16.74,4756
2021-09-28 10:05:09.084740-04:00,18.46,1677,18.47,984,16.73,3016,16.74,4756
2021-09-28 10:05:09.084740-04:00,18.46,1677,18.47,984,16.73,3507,16.74,4042
2021-09-28 10:05:09.084740-04:00,18.46,3479,18.47,464,16.73,3507,16.74,4042
2021-09-28 10:05:19.073033-04:00,18.46,3479,18.47,464,16.73,3507,16.74,4042
2021-09-28 10:05:19.073033-04:00,18.46,3479,18.47,464,16.73,3507,16.74,4042
2021-09-28 10:05:22.079038-04:00,18.46,3479,18.47,464,16.73,3507,16.74,4042
2021-09-28 10:05:22.079038-04:00,18.46,3479,18.47,464,16.73,4035,16.74,3435
2021-09-28 10:05:22.079038-04:00,18.47,2381,18.48,872,16.73,4035,16.74,3435
2021-09-28 10:05:22.079038-04:00,18.47,2381,18.48,872,16.73,4035,16.74,3435
2021-09-28 10:05:29.256847-04:00,18.47,2381,18.48,872,16.73,4035,16.74,3435
2021-09-28 10:05:29.256847-04:00,18.47,2381,18.48,872,16.73,4035,16.74,3435
2021-09-28 10:05:29.256847-04:00,18.47,2381,18.48,872,16.73,4035,16.74,3435
2021-09-28 10:05:38.111173-04:00,18.47,2381,18.48,872,16.73,4035,16.74,3435
2021-09-28 10:05:38.111173-04:00,18.47,2381,18.48,872,16.73,4035,16.74,3435
2021-09-28 10:05:38.111173-04:00,18.47,2381,18.48,872,16.73,4032,16.74,3458
2021-09-28 10:05:38.111173-04:00,18.47,727,18.48,2806,16.73,4032,16.74,3458
2021-09-28 10:05:38.111173-04:00,18.47,727,18.48,2806,16.73,4032,16.74,3458
2021-09-28 10:05:38.111173-04:00,18.47,727,18.48,2806,16.73,4032,16.74,3458
2021-09-28 10:05:38.111173-04:00,18.47,727,18.48,2806,16.73,4032,16.74,3458
2021-09-28 10:05:46.042967-04:00,18.47,727,18.48,2806,16.73,4032,16.74,3458
2021-09-28 10:05:46.042967-04:00,18.47,727,18.48,2806,16.73,3477,16.74,4126
2021-09-28 10:05:46.042967-04:00,18.47,727,18.48,2806,16.73,3477,16.74,4126
2021-09-28 10:05:46.042967-04:00,18.46,3697,18.47,891,16.73,3477,16.74,4126
2021-09-28 10:05:52.052900-04:00,18.46,3697,18.47,891,16.73,3477,16.74,4126
2021-09-28 10:05:56.059188-04:00,18.46,3697,18.47,891,16.73,3477,16.74,4126
2021-09-28 10:05:56.059188-04:00,18.46,3697,18.47,891,16.73,3477,16.74,4126
2021-09-28 10:05:57.062507-04:00,18.46,3697,18.47,891,16.73,3477,16.74,4126
2021-09-28 10:05:57.062507-04:00,18.46,3697,18.47,891,16.73,3486,16.74,3741
2021-09-28 10:05:57.062507-04:00,18.47,1406,18.48,2213,16.73,3486,16.74,3741
2021-09-28 10:05:57.062507-04:00,18.47,1406,18.48,2213,16.73,3497,16.74,3737
2021-09-28 10:05:57.062507-04:00,18.47,1406,18.48,2213,16.73,3497,16.74,3737
2021-09-28 10:05:57.062507-04:00,18.47,575,18.48,2790,16.73,3497,16.74,3737
2021-09-28 10:06:09.393537-04:00,18.47,575,18.48,2790,16.73,3497,16.74,3737
2021-09-28 10:06:09.393537-04:00,18.47,575,18.48,2790,16.73,3497,16.74,3737
2021-09-28 10:06:09.393537-04:00,18.47,575,18.48,2790,16.73,3497,16.74,3737
2021-09-28 10:06:09.393537-04:00,18.47,575,18.48,2790,16.73,3497,16.74,3737
2021-09-28 10:06:09.393537-04:00,18.47,575,18.48,2790,16.73,4388,16.74,2795
2021-09-28 10:06:09.393537-04:00,18.47,575,18.48,2790,16.73,4388,16.74,2795
2021-09-28 10:06:09.393537-04:00,18.47,2985,18.48,260,16.73,4388,16.74,2795
2021-09-28 10:06:19.108562-04:00,18.47,2985,18.48,260,16.73,4388,16.74,2795
2021-09-28 10:06:19.108562-04:00,18.47,2985,18.48,260,16.73,4388,16.74,2795
2021-09-28 10:06:19.108562-04:00,18.47,2985,18.48,260,16.73,4388,16.74,2795
2021-09-28 10:06:19.108562-04:00,18.47,2985,18.48,260,16.74,1456,16.75,3797
2021-09-28 10:06:19.108562-04:00,18.48,838,18.49,1720,16.74,1456,16.75,3797
2021-09-28 10:06:19.108562-04:00,18.48,838,18.49,1720,16.74,1456,16.75,3797
2021-09-28 10:06:29.129772-04:00,18.48,838,18.49,1720,16.74,1456,16.75,3797
2021-09-28 10:06:29.129772-04:00,18.48,838,18.49,1720,16.74,1456,16.75,3797
2021-09-28 10:06:37.145341-04:00,18.48,838,18.49,1720,16.74,1456,16.75,3797
2021-09-28 10:06:37.145341-04:00,18.48,838,18.49,1720,16.74,1456,16.75,3797
2021-09-28 10:06:37.145341-04:00,18.48,838,18.49,1720,16.74,1456,16.75,3797
2021-09-28 10:06:37.145341-04:00,18.48,838,18.49,1720,16.74,2715,16.75,4380
2021-09-28 10:06:37.145341-04:00,18.48,1415,18.49,1707,16.74,2715,16.75,4380
2021-09-28 10:06:37.145341-04:00,18.48,1415,18.49,1707,16.74,2715,16.75,4380
2021-09-28 10:06:37.145341-04:00,18.48,1415,18.49,1707,16.74,2715,16.75,4380
2021-09-28 10:06:37.145341-04:00,18.48,1415,18.49,1707,16.74,2715,16.75,4380
2021-09-28 10:06:37.145341-04:00,18.48,1415,18.49,1707,16.74,2715,16.75,4380
2021-09-28 10:06:49.571118-04:00,18.48,1415,18.49,1707,16.74,2715,16.75,4380
2021-09-28 10:06:49.571118-04:00,18.48,3325,18.49,293,16.74,3672,16.75,4619
2021-09-28 10:06:50.168521-04:00,18.48,3325,18.49,293,16.74,3672,16.75,4619
2021-09-28 10:06:50.168521-04:00,18.48,3325,18.49,293,16.74,3672,16.75,4619
2021-09-28 10:06:58.185093-04:00,18.48,3325,18.49,293,16.74,3672,16.75,4619
2021-09-28 10:06:58.185093-04:00,18.48,3325,18.49,293,16.74,3806,16.75,3133
2021-09-28 10:06:58.185093-04:00,18.49,1635,18.5,1432,16.74,3806,16.75,3133
2021-09-28 10:06:58.185093-04:00,18.49,1635,18.5,1432,16.74,3806,16.75,3133
2021-09-28 10:07:08.204300-04:00,18.49,1635,18.5,1432,16.75,4137,16.76,4478
2021-09-28 10:07:08.204300-04:00,18.49,1635,18.5,1432,16.75,4137,16.76,4478
2021-09-28 10:07:08.204300-04:00,18.49,1635,18.5,1432,16.75,4137,16.76,4478
2021-09-28 10:07:08.204300-04:00,18.51,190,18.52,3406,16.75,4137,16.76,4478
2021-09-28 10:07:09.207634-04:00,18.51,190,18.52,3406,16.75,4137,16.76,4478
2021-09-28 10:07:09.207634-04:00,18.51,190,18.52,3406,16.75,4137,16.76,4478
2021-09-28 10:07:19.226850-04:00,18.51,190,18.52,3406,16.75,4137,16.76,4478
2021-09-28 10:07:19.226850-04:00,18.51,190,18.52,3406,16.75,603,16.76,4342
2021-09-28 10:07:19.226850-04:00,18.51,190,18.52,3406,16.75,603,16.76,4342
2021-09-28 10:07:19.226850-04:00,18.5,1216,18.51,2998,16.75,603,16.76,4342
2021-09-28 10:07:19.226850-04:00,18.5,1216,18.51,2998,16.75,603,16.76,4342
2021-09-28 10:07:26.239103-04:00,18.5,1216,18.51,2998,16.75,603,16.76,4342
2021-09-28 10:07:26.239103-04:00,18.5,1216,18.51,2998,16.75,312,16.76,4290
2021-09-28 10:07:26.239103-04:00,18.5,1216,18.51,2998,16.75,312,16.76,4290
2021-09-28 10:07:26.239103-04:00,18.5,1258,18.51,3130,16.75,312,16.76,4290
2021-09-28 10:07:26.239103-04:00,18.5,1258,18.51,3130,16.75,312,16.76,4290
2021-09-28 10:07:38.264951-04:00,18.5,1258,18.51,3130,16.75,312,16.76,4290
2021-09-28 10:07:38.264951-04:00,18.5,1258,18.51,3130,16.74,5552,16.75,3825
2021-09-28 10:07:38.264951-04:00,18.49,3029,18.5,1254,16.74,5552,16.75,3825
2021-09-28 10:07:43.007272-04:00,18.49,3029,18.5,1254,16.74,5552,16.75,3825
2021-09-28 10:07:43.007272-04:00,18.49,3029,18.5,1254,16.74,5552,16.75,3825
2021-09-28 10:07:43.007272-04:00,18.49,3029,18.5,1254,16.74,4194,16.75,4695
2021-09-28 10:07:49.290473-04:00,18.49,3029,18.5,1254,16.74,4194,16.75,4695
2021-09-28 10:07:49.290473-04:00,18.49,3029,18.5,1254,16.74,4194,16.75,4695
2021-09-28 10:07:49.290473-04:00,18.48,4164,18.49,620,16.74,4194,16.75,4695
2021-09-28 10:07:49.290473-04:00,18.48,4164,18.49,620,16.74,4194,16.75,4695
2021-09-28 10:07:49.290473-04:00,18.48,4164,18.49,620,16.74,4163,16.75,4989
2021-09-28 10:07:59.311679-04:00,18.48,4164,18.49,620,16.74,4163,16.75,4989
2021-09-28 10:07:59.311679-04:00,18.48,4164,18.49,620,16.74,4163,16.75,4989
2021-09-28 10:07:59.311679-04:00,18.48,4164,18.49,620,16.74,4163,16.75,4989
2021-09-28 10:07:59.311679-04:00,18.48,2164,18.49,2048,16.74,4163,16.75,4989
2021-09-28 10:07:59.312679-04:00,18.48,2164,18.49,2048,16.74,4163,16.75,4989
2021-09-28 10:08:09.770719-04:00,18.48,2164,18.49,2048,16.74,3742,16.75,5157
2021-09-28 10:08:09.802632-04:00,18.48,2164,18.49,2048,16.74,3742,16.75,5157
2021-09-28 10:08:09.802632-04:00,18.48,2164,18.49,2048,16.74,3742,16.75,5157
2021-09-28 10:08:09.802632-04:00,18.48,2164,18.49,2048,16.74,3742,16.75,5157
2021-09-28 10:08:09.802632-04:00,18.48,1163,18.49,1068,16.74,3742,16.75,5157
2021-09-28 10:08:09.802632-04:00,18.48,1163,18.49,1068,16.74,3742,16.75,5157
2021-09-28 10:08:09.802632-04:00,18.48,1163,18.49,1068,16.73,4350,16.74,4317
2021-09-28 10:08:19.106818-04:00,18.48,1163,18.49,1068,16.73,4350,16.74,4317
2021-09-28 10:08:19.106818-04:00,18.48,1163,18.49,1068,16.73,4350,16.74,4317
2021-09-28 10:08:19.106818-04:00,18.47,217,18.48,2772,16.73,4350,16.74,4317
2021-09-28 10:08:19.106818-04:00,18.47,217,18.48,2772,16.73,4350,16.74,4317
2021-09-28 10:08:23.229796-04:00,18.47,217,18.48,2772,16.73,3427,16.74,5342
2021-09-28 10:08:29.130022-04:00,18.47,217,18.48,2772,16.73,3427,16.74,5342
2021-09-28 10:08:29.130022-04:00,18.47,217,18.48,2772,16.73,3427,16.74,5342
2021-09-28 10:08:29.130022-04:00,18.46,2206,18.47,1021,16.73,3427,16.74,5342
2021-09-28 10:08:29.130022-04:00,18.46,2206,18.47,1021,16.73,3427,16.74,5342
2021-09-28 10:08:29.130022-04:00,18.46,2206,18.47,1021,16.73,3427,16.74,5342
2021-09-28 10:08:38.149920-04:00,18.46,2206,18.47,1021,16.73,4092,16.74,4247
2021-09-28 10:08:38.149920-04:00,18.46,2206,18.47,1021,16.73,4092,16.74,4247
2021-09-28 10:08:39.151273-04:00,18.46,2206,18.47,1021,16.73,4092,16.74,4247
2021-09-28 10:08:39.151273-04:00,18.46,2206,18.47,1021,16.73,4092,16.74,4247
2021-09-28 10:08:39.151273-04:00,18.47,144,18.48,3756,16.73,4092,16.74,4247
2021-09-28 10:08:50.040116-04:00,18.47,144,18.48,3756,16.73,109,16.74,5917
2021-09-28 10:08:50.040116-04:00,18.47,144,18.48,3756,16.73,109,16.74,5917
2021-09-28 10:08:50.040116-04:00,18.45,2995,18.46,1095,16.73,109,16.74,5917
2021-09-28 10:08:50.040116-04:00,18.45,2995,18.46,1095,16.73,109,16.74,5917
2021-09-28 10:08:50.040116-04:00,18.45,2995,18.46,1095,16.73,109,16.74,5917
2021-09-28 10:08:58.190344-04:00,18.45,2995,18.46,1095,16.73,109,16.74,5917
2021-09-28 10:08:58.190344-04:00,18.45,2995,18.46,1095,16.73,109,16.74,5917
2021-09-28 10:08:58.190344-04:00,18.45,2995,18.46,1095,16.73,1543,16.74,5409
2021-09-28 10:08:58.190344-04:00,18.45,3342,18.46,1229,16.73,1543,16.74,5409
2021-09-28 10:09:04.203249-04:00,18.45,3342,18.46,1229,16.73,1543,16.74,5409
2021-09-28 10:09:04.203249-04:00,18.45,3342,18.46,1229,16.73,1543,16.74,5409
2021-09-28 10:09:04.203249-04:00,18.45,3342,18.46,1229,16.73,1543,16.74,5409
2021-09-28 10:09:08.212530-04:00,18.45,3342,18.46,1229,16.73,1543,16.74,5409
2021-09-28 10:09:08.212530-04:00,18.45,3342,18.46,1229,16.73,3217,16.74,4995
2021-09-28 10:09:08.212530-04:00,18.46,4139,18.47,431,16.73,3217,16.74,4995
2021-09-28 10:09:08.212530-04:00,18.46,4139,18.47,431,16.73,3457,16.74,4536
2021-09-28 10:09:08.212530-04:00,18.46,4139,18.47,431,16.73,3457,16.74,4536
2021-09-28 10:09:08.212530-04:00,18.46,4139,18.47,431,16.73,3457,16.74,4536
2021-09-28 10:09:19.074489-04:00,18.46,4139,18.47,431,16.73,3457,16.74,4536
2021-09-28 10:09:19.074489-04:00,18.46,4139,18.47,431,16.73,3457,16.74,4536
2021-09-28 10:09:19.074489-04:00,18.47,1216,18.48,2437,16.73,3457,16.74,4536
2021-09-28 10:09:23.051854-04:00,18.47,1216,18.48,2437,16.73,3457,16.74,4536
2021-09-28 10:09:23.051854-04:00,18.47,1216,18.48,2437,16.73,3457,16.74,4536
2021-09-28 10:09:30.141899-04:00,18.47,1216,18.48,2437,16.73,3457,16.74,4536
2021-09-28 10:09:30.141899-04:00,18.47,1216,18.48,2437,16.73,3188,16.74,4965
2021-09-28 10:09:30.141899-04:00,18.47,1216,18.48,2437,16.73,3188,16.74,4965
2021-09-28 10:09:30.141899-04:00,18.46,4106,18.47,642,16.73,3188,16.74,4965
2021-09-28 10:09:38.135527-04:00,18.46,4106,18.47,642,16.73,3074,16.74,5285
2021-09-28 10:09:38.135527-04:00,18.46,4106,18.47,642,16.73,3074,16.74,5285
2021-09-28 10:09:38.135527-04:00,18.46,2461,18.47,1864,16.73,3074,16.74,5285
2021-09-28 10:09:38.135527-04:00,18.46,2461,18.47,1864,16.73,2189,16.74,5329
2021-09-28 10:09:49.158059-04:00,18.46,2461,18.47,1864,16.73,2189,16.74,5329
2021-09-28 10:09:49.158059-04:00,18.46,594,18.47,2718,16.73,2189,16.74,5329
2021-09-28 10:09:49.158059-04:00,18.46,594,18.47,2718,16.73,2189,16.74,5329
2021-09-28 10:09:49.158059-04:00,18.46,594,18.47,2718,16.73,2189,16.74,5329
2021-09-28 10:09:49.158059-04:00,18.46,594,18.47,2718,16.73,1266,16.74,5329
2021-09-28 10:09:59.177270-04:00,18.46,594,18.47,2718,16.73,1266,16.74,5329
2021-09-28 10:09:59.177270-04:00,18.46,594,18.47,2718,16.73,1266,16.74,5329
2021-09-28 10:09:59.177270-04:00,18.46,609,18.47,2663,16.73,1266,16.74,5329
2021-09-28 10:09:59.177270-04:00,18.46,609,18.47,2663,16.73,1266,16.74,5329
2021-09-28 10:10:10.508084-04:00,18.46,609,18.47,2663,16.73,1266,16.74,5329
2021-09-28 10:10:10.508084-04:00,18.46,609,18.47,2663,16.73,1266,16.74,5329
2021-09-28 10:10:10.508084-04:00,18.46,609,18.47,2663,16.72,6029,16.73,641
2021-09-28 10:10:10.508084-04:00,18.45,3938,18.46,116,16.72,6029,16.73,641
2021-09-28 10:10:10.508084-04:00,18.45,3938,18.46,116,16.72,6029,16.73,641
2021-09-28 10:10:10.508084-04:00,18.45,3938,18.46,116,16.73,4408,16.74,4150
2021-09-28 10:10:19.219792-04:00,18.45,3938,18.46,116,16.73,4408,16.74,4150
2021-09-28 10:10:19.219792-04:00,18.47,3516,18.48,541,16.73,4408,16.74,4150
2021-09-28 10:10:19.219792-04:00,18.47,3516,18.48,541,16.73,4408,16.74,4150
2021-09-28 10:10:19.219792-04:00,18.47,3516,18.48,541,16.73,4408,16.74,4150
2021-09-28 10:10:19.219792-04:00,18.47,3516,18.48,541,16.73,4826,16.74,4288
2021-09-28 10:10:29.240001-04:00,18.47,3516,18.48,541,16.73,4826,16.74,4288
2021-09-28 10:10:29.240001-04:00,18.47,4500,18.48,520,16.73,4826,16.74,4288
2021-09-28 10:10:38.258068-04:00,18.47,4500,18.48,520,16.73,4826,16.74,4288
2021-09-28 10:10:38.258068-04:00,18.47,4500,18.48,520,16.73,3627,16.74,3765
2021-09-28 10:10:38.258068-04:00,18.47,4500,18.48,520,16.73,3627,16.74,3765
2021-09-28 10:10:38.258068-04:00,18.47,1779,18.48,2506,16.73,3627,16.74,3765
2021-09-28 10:10:38.258068-04:00,18.47,1779,18.48,2506,16.73,3627,16.74,3765
2021-09-28 10:10:50.619841-04:00,18.47,1779,18.48,2506,16.73,3627,16.74,3765
2021-09-28 10:10:50.619841-04:00,18.47,1779,18.48,2506,16.73,3627,16.74,3765
2021-09-28 10:10:50.619841-04:00,18.47,1779,18.48,2506,16.73,3731,16.74,4924
2021-09-28 10:10:50.619841-04:00,18.46,3226,18.47,1131,16.73,3731,16.74,4924
2021-09-28 10:10:55.042017-04:00,18.46,3226,18.47,1131,16.73,3731,16.74,4924
2021-09-28 10:10:55.042017-04:00,18.46,3226,18.47,1131,16.73,3731,16.74,4924
2021-09-28 10:10:55.042017-04:00,18.46,3226,18.47,1131,16.73,3731,16.74,4924
2021-09-28 10:10:55.042017-04:00,18.46,3226,18.47,1131,16.73,3731,16.74,4924
2021-09-28 10:10:55.042017-04:00,18.46,3226,18.47,1131,16.73,3547,16.74,3897
2021-09-28 10:10:55.042017-04:00,18.46,3226,18.47,1131,16.73,3547,16.74,3897
2021-09-28 10:10:55.042017-04:00,18.46,4036,18.47,398,16.73,3547,16.74,3897
2021-09-28 10:10:55.042017-04:00,18.46,4036,18.47,398,16.73,3547,16.74,3897
2021-09-28 10:10:55.042017-04:00,18.46,4036,18.47,398,16.73,3547,16.74,3897
2021-09-28 10:10:55.042017-04:00,18.46,4036,18.47,398,16.73,3167,16.74,4927
2021-09-28 10:11:08.067192-04:00,18.46,4036,18.47,398,16.73,3167,16.74,4927
2021-09-28 10:11:08.067192-04:00,18.46,4036,18.47,398,16.73,3167,16.74,4927
2021-09-28 10:11:08.067192-04:00,18.46,3009,18.47,780,16.73,3167,16.74,4927
2021-09-28 10:11:08.067192-04:00,18.46,3009,18.47,780,16.73,3167,16.74,4927
2021-09-28 10:11:08.067192-04:00,18.46,3009,18.47,780,16.73,3199,16.74,4981
2021-09-28 10:11:19.088725-04:00,18.46,3009,18.47,780,16.73,3199,16.74,4981
2021-09-28 10:11:19.088725-04:00,18.46,3175,18.47,1571,16.73,3199,16.74,4981
2021-09-28 10:11:19.088725-04:00,18.46,3175,18.47,1571,16.73,3199,16.74,4981
2021-09-28 10:11:30.829336-04:00,18.46,3175,18.47,1571,16.73,3199,16.74,4981
2021-09-28 10:11:30.829336-04:00,18.46,3175,18.47,1571,16.72,5127,16.73,2181
2021-09-28 10:11:30.829336-04:00,18.46,3175,18.47,1571,16.72,5127,16.73,2181
2021-09-28 10:11:30.829336-04:00,18.46,3175,18.47,1571,16.72,5127,16.73,2181
2021-09-28 10:11:30.829336-04:00,18.46,3175,18.47,1571,16.72,5127,16.73,2181
2021-09-28 10:11:30.829336-04:00,18.45,2912,18.46,865,16.72,5127,16.73,2181
2021-09-28 10:11:30.829336-04:00,18.45,2912,18.46,865,16.72,5127,16.73,2181
2021-09-28 10:11:34.236227-04:00,18.45,2912,18.46,865,16.72,5127,16.73,2181
2021-09-28 10:11:38.243522-04:00,18.45,2912,18.46,865,16.72,5127,16.73,2181
2021-09-28 10:11:38.243522-04:00,18.45,2912,18.46,865,16.72,3920,16.73,3596
2021-09-28 10:11:38.243522-04:00,18.45,2912,18.46,865,16.72,3920,16.73,3596
2021-09-28 10:11:38.243522-04:00,18.44,3192,18.45,1023,16.72,3920,16.73,3596
2021-09-28 10:11:38.243522-04:00,18.44,3192,18.45,1023,16.72,3920,16.73,3596
2021-09-28 10:11:47.044982-04:00,18.44,3192,18.45,1023,16.72,3920,16.73,3596
2021-09-28 10:11:47.044982-04:00,18.44,3192,18.45,1023,16.72,2338,16.73,5001
2021-09-28 10:11:47.044982-04:00,18.44,3192,18.45,1023,16.72,2338,16.73,5001
2021-09-28 10:11:47.044982-04:00,18.44,733,18.45,2085,16.72,2338,16.73,5001
2021-09-28 10:11:54.058231-04:00,18.44,733,18.45,2085,16.72,2338,16.73,5001
2021-09-28 10:11:54.058231-04:00,18.44,733,18.45,2085,16.72,2338,16.73,5001
2021-09-28 10:11:59.066841-04:00,18.44,733,18.45,2085,16.72,3374,16.73,4161
2021-09-28 10:11:59.066841-04:00,18.44,733,18.45,2085,16.72,3374,16.73,4161
2021-09-28 10:11:59.066841-04:00,18.44,733,18.45,2085,16.72,3374,16.73,4161
2021-09-28 10:11:59.066841-04:00,18.44,3182,18.45,1171,16.72,3374,16.73,4161
2021-09-28 10:12:11.007916-04:00,18.44,3182,18.45,1171,16.72,3374,16.73,4161
2021-09-28 10:12:11.007916-04:00,18.44,3182,18.45,1171,16.72,3374,16.73,4161
2021-09-28 10:12:11.007916-04:00,18.44,3182,18.45,1171,16.72,3060,16.73,4841
2021-09-28 10:12:11.007916-04:00,18.44,1694,18.45,1231,16.72,3060,16.73,4841
2021-09-28 10:12:11.007916-04:00,18.44,1694,18.45,1231,16.72,3060,16.73,4841
