time,bid1,bid_size1,ask1,ask_size1,bid2,bid_size2,ask2,ask_size2
2021-09-30 09:30:04.359132-04:00,18.44,328,18.45,60,16.72,466,16.73,1620
2021-09-30 09:30:04.368110-04:00,18.44,328,18.45,60,16.72,466,16.73,1620
2021-09-30 09:30:04.368110-04:00,18.44,328,18.45,60,16.71,339,16.73,1570
2021-09-30 09:30:08.596801-04:00,18.44,335,18.46,650,16.71,339,16.73,1570
2021-09-30 09:30:24.633924-04:00,18.44,335,18.46,650,16.71,339,16.73,1570
2021-09-30 09:30:24.633924-04:00,18.44,335,18.46,650,16.71,339,16.73,1570
2021-09-30 09:30:24.633924-04:00,18.44,335,18.46,650,16.71,373,16.72,1417
2021-09-30 09:30:24.633924-04:00,18.44,335,18.46,650,16.71,373,16.72,1417
2021-09-30 09:30:24.633924-04:00,18.44,1,18.45,879,16.71,373,16.72,1417
2021-09-30 09:30:24.633924-04:00,18.44,1,18.45,879,16.71,373,16.72,1417
2021-09-30 09:30:24.633924-04:00,18.44,1,18.45,879,16.71,638,16.72,1923
2021-09-30 09:30:35.661443-04:00,18.44,1,18.45,879,16.71,638,16.72,1923
2021-09-30 09:30:35.661443-04:00,18.44,1,18.45,879,16.71,638,16.72,1923
2021-09-30 09:30:35.661443-04:00,18.44,1,18.45,879,16.71,638,16.72,1923
2021-09-30 09:30:35.661443-04:00,18.42,435,18.44,990,16.71,638,16.72,1923
2021-09-30 09:30:35.661443-04:00,18.42,435,18.44,990,16.71,638,16.72,1923
2021-09-30 09:30:35.661443-04:00,18.42,435,18.44,990,16.71,638,16.72,1923
2021-09-30 09:30:45.563967-04:00,18.42,435,18.44,990,16.71,638,16.72,1923
2021-09-30 09:30:45.563967-04:00,18.42,435,18.44,990,16.71,1091,16.72,2080
2021-09-30 09:30:45.563967-04:00,18.43,428,18.44,791,16.71,1091,16.72,2080
2021-09-30 09:30:45.563967-04:00,18.43,428,18.44,791,16.71,1091,16.72,2080
2021-09-30 09:30:45.563967-04:00,18.43,428,18.44,791,16.71,638,16.72,1923
2021-09-30 09:30:45.563967-04:00,18.43,168,18.44,883,16.71,638,16.72,1923
2021-09-30 09:30:45.563967-04:00,18.43,168,18.44,883,16.71,638,16.72,1923
2021-09-30 09:30:45.563967-04:00,18.43,168,18.44,883,16.71,638,16.72,1923
2021-09-30 09:30:45.563967-04:00,18.43,168,18.44,883,16.71,638,16.72,1923
2021-09-30 09:30:58.595126-04:00,18.43,168,18.44,883,16.71,638,16.72,1923
2021-09-30 09:30:58.595126-04:00,18.43,168,18.44,883,16.71,638,16.72,1923
2021-09-30 09:30:58.595126-04:00,18.43,168,18.44,883,16.71,638,16.72,1923
2021-09-30 09:30:58.595126-04:00,18.43,168,18.44,883,16.71,638,16.72,1923
2021-09-30 09:31:08.653236-04:00,18.43,168,18.44,883,16.71,638,16.72,1923
2021-09-30 09:31:08.653236-04:00,18.43,168,18.44,883,16.71,186,16.71,181
2021-09-30 09:31:08.653236-04:00,18.42,440,18.43,82,16.71,186,16.71,181
2021-09-30 09:31:08.653236-04:00,18.42,440,18.43,82,16.71,186,16.71,181
2021-09-30 09:31:08.653236-04:00,18.42,440,18.43,82,16.71,186,16.71,181
2021-09-30 09:31:08.653236-04:00,18.42,440,18.43,82,16.71,5,16.71,181
2021-09-30 09:31:08.653236-04:00,18.42,384,18.43,290,16.71,5,16.71,181
2021-09-30 09:31:08.653236-04:00,18.42,384,18.43,290,16.71,5,16.71,181
2021-09-30 09:31:08.653236-04:00,18.42,384,18.43,290,16.71,5,16.71,181
2021-09-30 09:31:08.653236-04:00,18.42,384,18.43,290,16.71,5,16.71,181
2021-09-30 09:31:08.653236-04:00,18.42,384,18.43,290,16.71,5,16.71,181
2021-09-30 09:31:23.657119-04:00,18.42,384,18.43,290,16.71,5,16.71,181
2021-09-30 09:31:23.657119-04:00,18.42,384,18.43,290,16.71,5,16.71,181
2021-09-30 09:31:23.657119-04:00,18.42,89,18.43,911,16.71,5,16.71,181
2021-09-30 09:31:23.657119-04:00,18.42,89,18.43,911,16.7,1620,16.71,1203
2021-09-30 09:31:23.657119-04:00,18.42,89,18.43,911,16.7,1620,16.71,1203
2021-09-30 09:31:23.657119-04:00,18.42,89,18.43,911,16.7,1620,16.71,1203
2021-09-30 09:31:23.657119-04:00,18.42,89,18.43,911,16.7,1620,16.71,1203
2021-09-30 09:31:31.427345-04:00,18.42,89,18.43,911,16.7,1620,16.71,1203
2021-09-30 09:31:31.427345-04:00,18.42,89,18.43,911,16.7,1620,16.71,1203
2021-09-30 09:31:31.427345-04:00,18.42,89,18.43,911,16.7,1817,16.71,84
2021-09-30 09:31:31.427345-04:00,18.42,253,18.43,80,16.7,1817,16.71,84
2021-09-30 09:31:31.427345-04:00,18.42,253,18.43,80,16.71,905,16.72,1379
2021-09-30 09:31:31.427345-04:00,18.42,728,18.44,913,16.71,905,16.72,1379
2021-09-30 09:31:31.427345-04:00,18.42,728,18.44,913,16.71,905,16.72,1379
2021-09-30 09:31:49.032278-04:00,18.42,728,18.44,913,16.71,905,16.72,1379
2021-09-30 09:31:49.032278-04:00,18.42,728,18.44,913,16.71,905,16.72,1379
2021-09-30 09:31:49.032278-04:00,18.42,728,18.44,913,16.71,905,16.72,1379
2021-09-30 09:31:49.032278-04:00,18.42,728,18.44,913,16.71,905,16.72,1379
2021-09-30 09:31:54.481707-04:00,18.42,728,18.44,913,16.71,905,16.72,1379
2021-09-30 09:31:54.481707-04:00,18.42,588,18.43,193,16.71,905,16.72,1379
2021-09-30 09:31:54.481707-04:00,18.42,588,18.43,193,16.7,1768,16.71,287
2021-09-30 09:31:54.481707-04:00,18.42,588,18.43,193,16.7,335,16.71,755
2021-09-30 09:31:54.481707-04:00,18.42,87,18.43,342,16.7,335,16.71,755
2021-09-30 09:31:54.481707-04:00,18.42,87,18.43,342,16.7,335,16.71,755
2021-09-30 09:32:06.513539-04:00,18.42,87,18.43,342,16.7,335,16.71,755
2021-09-30 09:32:06.513539-04:00,18.42,87,18.43,342,16.7,335,16.71,755
2021-09-30 09:32:06.513539-04:00,18.42,87,18.43,342,16.7,335,16.71,755
2021-09-30 09:32:06.513539-04:00,18.42,87,18.43,342,16.7,335,16.71,755
2021-09-30 09:32:06.513539-04:00,18.42,87,18.43,342,16.7,335,16.71,1201
2021-09-30 09:32:06.513539-04:00,18.42,5,18.43,741,16.7,335,16.71,1201
2021-09-30 09:32:06.513539-04:00,18.42,5,18.43,741,16.7,335,16.71,1201
2021-09-30 09:32:09.542442-04:00,18.42,5,18.43,741,16.7,335,16.71,1201
2021-09-30 09:32:09.542442-04:00,18.42,5,18.43,741,16.7,335,16.71,1201
2021-09-30 09:32:09.542442-04:00,18.42,5,18.43,741,16.7,335,16.71,1201
2021-09-30 09:32:09.542442-04:00,18.42,5,18.43,741,16.7,335,16.71,1201
2021-09-30 09:32:09.542442-04:00,18.42,5,18.43,741,16.7,335,16.71,1201
2021-09-30 09:32:29.260722-04:00,18.42,5,18.43,741,16.7,335,16.71,1201
2021-09-30 09:32:29.260722-04:00,18.42,5,18.43,741,16.7,335,16.71,1201
2021-09-30 09:32:29.260722-04:00,18.42,5,18.43,741,16.71,1086,16.72,2151
2021-09-30 09:32:29.260722-04:00,18.42,735,18.44,1296,16.71,1086,16.72,2151
2021-09-30 09:32:29.260722-04:00,18.42,735,18.44,1296,16.71,1086,16.72,2151
2021-09-30 09:32:29.260722-04:00,18.42,735,18.44,1296,16.71,1086,16.72,2151
2021-09-30 09:32:29.260722-04:00,18.42,735,18.44,1296,16.71,1086,16.72,2151
2021-09-30 09:32:29.260722-04:00,18.42,735,18.44,1296,16.71,181,16.71,31
2021-09-30 09:32:29.260722-04:00,18.42,589,18.43,268,16.71,181,16.71,31
2021-09-30 09:32:29.260722-04:00,18.42,589,18.43,268,16.71,181,16.71,31
2021-09-30 09:32:29.260722-04:00,18.42,589,18.43,268,16.7,508,16.71,969
2021-09-30 09:32:29.260722-04:00,18.42,589,18.43,268,16.7,508,16.71,969
2021-09-30 09:32:48.476347-04:00,18.42,589,18.43,268,16.7,508,16.71,969
2021-09-30 09:32:48.476347-04:00,18.42,5,18.43,747,16.7,508,16.71,969
2021-09-30 09:32:48.476347-04:00,18.42,5,18.43,747,16.7,508,16.71,969
2021-09-30 09:32:48.476347-04:00,18.42,5,18.43,736,16.7,508,16.71,969
2021-09-30 09:32:48.476347-04:00,18.42,5,18.43,736,16.7,508,16.71,969
2021-09-30 09:32:48.476347-04:00,18.42,5,18.43,736,16.7,508,16.71,969
2021-09-30 09:32:48.476347-04:00,18.42,5,18.43,736,16.7,508,16.71,969
2021-09-30 09:32:56.496905-04:00,18.42,5,18.43,736,16.7,508,16.71,969
2021-09-30 09:32:56.496905-04:00,18.42,5,18.43,736,16.7,1767,16.71,969
2021-09-30 09:32:56.496905-04:00,18.42,5,18.43,736,16.7,1767,16.71,969
2021-09-30 09:32:56.496905-04:00,18.42,5,18.43,736,16.7,1767,16.71,969
2021-09-30 09:33:17.460854-04:00,18.42,5,18.43,736,16.7,1767,16.71,969
2021-09-30 09:33:17.460854-04:00,18.42,5,18.43,736,16.7,1767,16.71,969
2021-09-30 09:33:17.460854-04:00,18.41,901,18.42,1,16.7,1767,16.71,969
2021-09-30 09:33:17.460854-04:00,18.41,901,18.42,1,16.7,1794,16.71,1103
2021-09-30 09:33:17.460854-04:00,18.41,901,18.42,1,16.7,1794,16.71,1103
2021-09-30 09:33:17.460854-04:00,18.41,901,18.42,1,16.7,1794,16.71,1103
2021-09-30 09:33:17.460854-04:00,18.41,427,18.42,1,16.7,1794,16.71,1103
2021-09-30 09:33:17.460854-04:00,18.41,427,18.42,1,16.7,1613,16.71,1103
2021-09-30 09:33:36.467040-04:00,18.41,427,18.42,1,16.7,1613,16.71,1103
2021-09-30 09:33:36.467040-04:00,18.41,427,18.42,1,16.7,1613,16.71,1103
2021-09-30 09:33:36.467040-04:00,18.41,427,18.42,1,16.7,1613,16.71,1103
2021-09-30 09:33:36.467040-04:00,18.42,740,18.43,140,16.7,1613,16.71,1103
2021-09-30 09:33:36.467040-04:00,18.42,740,18.43,140,16.7,1788,16.71,102
2021-09-30 09:33:36.467040-04:00,18.42,740,18.43,140,16.7,1788,16.71,102
2021-09-30 09:33:36.467040-04:00,18.42,860,18.44,899,16.71,950,16.72,2093
2021-09-30 09:33:55.431335-04:00,18.42,860,18.44,899,16.71,950,16.72,2093
2021-09-30 09:33:55.431335-04:00,18.42,860,18.44,899,16.71,950,16.72,2093
2021-09-30 09:33:55.431335-04:00,18.42,860,18.44,899,16.71,950,16.72,2093
2021-09-30 09:33:55.431335-04:00,18.42,860,18.44,899,16.7,546,16.71,607
2021-09-30 09:33:55.431335-04:00,18.42,502,18.43,743,16.7,546,16.71,607
2021-09-30 09:33:55.431335-04:00,18.42,502,18.43,743,16.7,546,16.71,607
2021-09-30 09:33:55.431335-04:00,18.42,502,18.43,743,16.7,546,16.71,607
2021-09-30 09:34:03.317251-04:00,18.42,502,18.43,743,16.7,546,16.71,607
2021-09-30 09:34:03.317251-04:00,18.42,502,18.43,743,16.7,1595,16.71,1246
2021-09-30 09:34:03.317251-04:00,18.42,10,18.43,997,16.7,1595,16.71,1246
2021-09-30 09:34:03.317251-04:00,18.42,10,18.43,997,16.7,1595,16.71,1246
2021-09-30 09:34:03.317251-04:00,18.42,10,18.43,997,16.7,1595,16.71,1246
2021-09-30 09:34:03.317251-04:00,18.42,10,18.43,997,16.7,1595,16.71,1246
2021-09-30 09:34:03.317251-04:00,18.42,10,18.43,997,16.7,1595,16.71,1246
2021-09-30 09:34:03.317251-04:00,18.42,10,18.43,997,16.7,1595,16.71,1246
2021-09-30 09:34:16.671548-04:00,18.42,10,18.43,997,16.7,1595,16.71,1246
2021-09-30 09:34:16.671548-04:00,18.42,10,18.43,997,16.7,1595,16.71,1246
2021-09-30 09:34:16.671548-04:00,18.42,10,18.43,997,16.7,1253,16.71,1791
2021-09-30 09:34:16.671548-04:00,18.41,578,18.43,1122,16.7,1253,16.71,1791
2021-09-30 09:34:16.671548-04:00,18.41,578,18.43,1122,16.7,1253,16.71,1791
2021-09-30 09:34:24.508597-04:00,18.41,578,18.43,1122,16.7,1253,16.71,1791
2021-09-30 09:34:24.508597-04:00,18.41,578,18.43,1122,16.7,1253,16.71,1791
2021-09-30 09:34:24.508597-04:00,18.41,578,18.43,1122,16.7,1253,16.71,1791
2021-09-30 09:34:24.508597-04:00,18.41,578,18.43,1122,16.7,1790,16.71,1610
2021-09-30 09:34:24.508597-04:00,18.41,410,18.42,442,16.7,1790,16.71,1610
2021-09-30 09:34:32.530149-04:00,18.41,410,18.42,442,16.7,1790,16.71,1610
2021-09-30 09:34:32.530149-04:00,18.41,410,18.42,442,16.7,1963,16.71,1791
2021-09-30 09:34:32.530149-04:00,18.41,410,18.42,442,16.7,1963,16.71,1791
2021-09-30 09:34:32.530149-04:00,18.42,82,18.43,833,16.7,1963,16.71,1791
2021-09-30 09:34:32.530149-04:00,18.42,82,18.43,833,16.7,1963,16.71,1791
2021-09-30 09:34:32.530149-04:00,18.42,82,18.43,833,16.7,1963,16.71,1791
2021-09-30 09:34:32.530149-04:00,18.42,82,18.43,833,16.7,2012,16.71,849
2021-09-30 09:34:32.530149-04:00,18.42,82,18.43,833,16.7,2012,16.71,849
2021-09-30 09:34:32.530149-04:00,18.42,82,18.43,892,16.7,2012,16.71,849
2021-09-30 09:34:32.530149-04:00,18.42,82,18.43,892,16.7,1218,16.71,934
2021-09-30 09:34:32.530149-04:00,18.41,493,18.43,825,16.7,1218,16.71,934
2021-09-30 09:35:06.621004-04:00,18.41,493,18.43,825,16.7,1218,16.71,934
2021-09-30 09:35:06.621004-04:00,18.41,493,18.43,825,16.7,2123,16.71,490
2021-09-30 09:35:06.621004-04:00,18.42,510,18.43,416,16.7,2123,16.71,490
2021-09-30 09:35:06.621004-04:00,18.42,510,18.43,416,16.7,2123,16.71,490
2021-09-30 09:35:06.621004-04:00,18.42,510,18.43,416,16.7,2123,16.71,490
2021-09-30 09:35:06.621004-04:00,18.42,510,18.43,416,16.7,2123,16.71,490
2021-09-30 09:35:06.621004-04:00,18.42,510,18.43,416,16.7,2123,16.71,490
2021-09-30 09:35:06.621004-04:00,18.42,510,18.43,416,16.7,2123,16.71,490
2021-09-30 09:35:06.621004-04:00,18.42,510,18.43,416,16.7,1948,16.71,481
2021-09-30 09:35:06.621004-04:00,18.42,510,18.43,416,16.7,1948,16.71,481
2021-09-30 09:35:06.621004-04:00,18.42,515,18.43,372,16.7,1948,16.71,481
2021-09-30 09:35:06.621004-04:00,18.42,515,18.43,372,16.7,1948,16.71,119
2021-09-30 09:35:06.621004-04:00,18.42,515,18.43,208,16.7,1948,16.71,119
2021-09-30 09:35:06.621004-04:00,18.42,515,18.43,208,16.7,1948,16.71,119
2021-09-30 09:35:06.621004-04:00,18.42,515,18.43,208,16.7,1948,16.71,119
2021-09-30 09:35:06.621004-04:00,18.42,515,18.43,208,16.7,1948,16.71,119
2021-09-30 09:35:06.621004-04:00,18.42,515,18.43,208,16.71,362,16.71,120
2021-09-30 09:35:06.621004-04:00,18.42,509,18.43,525,16.71,362,16.71,120
2021-09-30 09:35:06.621004-04:00,18.42,509,18.43,525,16.71,362,16.71,120
2021-09-30 09:35:06.621004-04:00,18.42,509,18.43,525,16.71,362,16.71,120
2021-09-30 09:35:06.621004-04:00,18.42,571,18.43,96,16.71,905,16.72,2124
2021-09-30 09:35:06.621004-04:00,18.42,571,18.43,96,16.71,905,16.72,2124
2021-09-30 09:35:57.505957-04:00,18.42,571,18.43,96,16.71,905,16.72,2124
2021-09-30 09:35:57.505957-04:00,18.42,571,18.43,96,16.71,905,16.72,2124
2021-09-30 09:35:57.505957-04:00,18.42,571,18.43,96,16.7,1977,16.71,700
2021-09-30 09:35:57.505957-04:00,18.42,164,18.43,290,16.7,1977,16.71,700
2021-09-30 09:35:57.505957-04:00,18.42,164,18.43,290,16.7,1251,16.71,1821
2021-09-30 09:35:57.505957-04:00,18.42,82,18.43,1065,16.7,1251,16.71,1821
2021-09-30 09:35:57.505957-04:00,18.42,82,18.43,1065,16.7,1251,16.71,1821
2021-09-30 09:35:57.505957-04:00,18.42,82,18.43,1065,16.7,1251,16.71,1821
2021-09-30 09:35:57.505957-04:00,18.41,467,18.42,2,16.7,1251,16.71,1821
2021-09-30 09:36:25.582892-04:00,18.41,467,18.42,2,16.7,1251,16.71,1821
2021-09-30 09:36:25.582892-04:00,18.41,467,18.42,2,16.7,1251,16.71,1821
2021-09-30 09:36:25.582892-04:00,18.41,467,18.42,2,16.7,1251,16.71,1821
2021-09-30 09:36:25.582892-04:00,18.41,467,18.42,2,16.7,1251,16.71,1821
2021-09-30 09:36:25.582892-04:00,18.41,467,18.42,2,16.7,1671,16.71,1825
2021-09-30 09:36:25.582892-04:00,18.41,410,18.42,16,16.7,1671,16.71,1825
2021-09-30 09:36:25.582892-04:00,18.41,456,18.42,87,16.7,1671,16.71,1825
2021-09-30 09:36:25.582892-04:00,18.41,456,18.42,87,16.7,1671,16.71,1825
2021-09-30 09:36:25.582892-04:00,18.41,456,18.42,87,16.7,1671,16.71,1825
2021-09-30 09:36:25.582892-04:00,18.41,456,18.42,87,16.7,1832,16.71,1825
2021-09-30 09:36:25.582892-04:00,18.41,776,18.43,969,16.7,1832,16.71,1825
2021-09-30 09:36:25.582892-04:00,18.41,776,18.43,969,16.7,1832,16.71,1825
2021-09-30 09:36:25.582892-04:00,18.41,776,18.43,969,16.7,1832,16.71,1825
2021-09-30 09:36:25.582892-04:00,18.42,73,18.43,772,16.7,1832,16.71,996
2021-09-30 09:36:25.582892-04:00,18.42,73,18.43,772,16.7,1832,16.71,996
2021-09-30 09:36:25.582892-04:00,18.41,547,18.42,134,16.7,1832,16.71,1640
2021-09-30 09:37:15.460538-04:00,18.41,547,18.42,134,16.7,1832,16.71,1640
2021-09-30 09:37:15.460538-04:00,18.41,547,18.42,134,16.7,1832,16.71,1640
2021-09-30 09:37:15.460538-04:00,18.41,547,18.42,134,16.7,1832,16.71,1640
2021-09-30 09:37:15.460538-04:00,18.41,547,18.42,134,16.7,1832,16.71,1640
2021-09-30 09:37:15.460538-04:00,18.41,547,18.42,134,16.7,1043,16.71,1793
2021-09-30 09:37:15.460538-04:00,18.41,74,18.42,627,16.7,1043,16.71,1793
2021-09-30 09:37:15.460538-04:00,18.41,74,18.42,627,16.7,1043,16.71,1793
2021-09-30 09:37:15.460538-04:00,18.41,74,18.42,627,16.69,700,16.7,717
2021-09-30 09:37:28.492694-04:00,18.41,74,18.42,627,16.69,700,16.7,717
2021-09-30 09:37:28.492694-04:00,18.41,74,18.42,627,16.69,700,16.7,717
2021-09-30 09:37:28.492694-04:00,18.4,11,18.41,893,16.69,700,16.7,717
2021-09-30 09:37:28.492694-04:00,18.4,11,18.41,893,16.69,700,16.7,717
2021-09-30 09:37:28.492694-04:00,18.4,11,18.41,893,16.69,700,16.7,717
2021-09-30 09:37:28.492694-04:00,18.4,11,18.41,893,16.69,700,16.7,717
2021-09-30 09:37:28.492694-04:00,18.4,11,18.41,893,16.69,700,16.7,717
2021-09-30 09:37:28.492694-04:00,18.4,11,18.41,893,16.69,1564,16.7,1505
2021-09-30 09:37:38.517891-04:00,18.4,11,18.41,893,16.69,1564,16.7,1505
2021-09-30 09:37:38.517891-04:00,18.4,11,18.41,893,16.69,1564,16.7,1505
2021-09-30 09:37:38.517891-04:00,18.39,502,18.4,87,16.69,1564,16.7,1505
2021-09-30 09:37:38.517891-04:00,18.39,502,18.4,87,16.69,1564,16.7,1505
2021-09-30 09:37:38.517891-04:00,18.39,502,18.4,87,16.69,1564,16.7,1505
2021-09-30 09:37:38.517891-04:00,18.39,502,18.4,87,16.69,1396,16.7,1666
2021-09-30 09:37:38.517891-04:00,18.39,502,18.4,87,16.69,1396,16.7,1666
2021-09-30 09:37:38.517891-04:00,18.39,502,18.4,87,16.69,1396,16.7,1666
2021-09-30 09:37:38.517891-04:00,18.39,146,18.4,694,16.69,1396,16.7,1666
2021-09-30 09:37:38.517891-04:00,18.39,146,18.4,694,16.69,1396,16.7,1666
2021-09-30 09:37:38.517891-04:00,18.39,146,18.4,694,16.69,1396,16.7,1827
2021-09-30 09:37:38.517891-04:00,18.39,146,18.4,962,16.69,1396,16.7,1827
2021-09-30 09:37:38.517891-04:00,18.39,365,18.4,1055,16.69,1396,16.7,1827
2021-09-30 09:37:38.517891-04:00,18.39,365,18.4,1055,16.69,1396,16.7,1827
2021-09-30 09:37:38.517891-04:00,18.39,365,18.4,1055,16.69,1396,16.7,1827
2021-09-30 09:37:38.517891-04:00,18.39,365,18.4,1055,16.69,1396,16.7,1666
2021-09-30 09:37:38.517891-04:00,18.39,376,18.4,320,16.69,1396,16.7,1666
2021-09-30 09:37:38.517891-04:00,18.39,376,18.4,320,16.69,1396,16.7,1666
2021-09-30 09:37:38.517891-04:00,18.39,376,18.4,320,16.69,1396,16.7,1666
2021-09-30 09:38:28.547134-04:00,18.39,376,18.4,320,16.69,1396,16.7,1666
2021-09-30 09:38:28.547134-04:00,18.39,376,18.4,320,16.69,805,16.7,1881
2021-09-30 09:38:28.547134-04:00,18.39,376,18.4,320,16.69,805,16.7,1881
2021-09-30 09:38:28.547134-04:00,18.38,335,18.4,306,16.69,805,16.7,1881
2021-09-30 09:38:28.547134-04:00,18.38,335,18.4,306,16.69,805,16.7,1881
2021-09-30 09:38:32.434740-04:00,18.38,335,18.4,306,16.69,805,16.7,1881
2021-09-30 09:38:32.434740-04:00,18.38,335,18.4,306,16.69,805,16.7,1881
2021-09-30 09:38:32.434740-04:00,18.38,335,18.4,306,16.69,805,16.7,1881
2021-09-30 09:38:32.434740-04:00,18.38,335,18.4,306,16.69,805,16.7,1881
2021-09-30 09:38:32.434740-04:00,18.38,335,18.4,306,16.69,805,16.7,1698
2021-09-30 09:38:32.434740-04:00,18.38,663,18.4,775,16.69,805,16.7,1698
2021-09-30 09:38:32.434740-04:00,18.38,663,18.4,775,16.69,842,16.7,1881
2021-09-30 09:38:48.476848-04:00,18.38,663,18.4,775,16.69,842,16.7,1881
2021-09-30 09:38:48.476848-04:00,18.38,653,18.39,183,16.69,842,16.7,1881
2021-09-30 09:38:48.476848-04:00,18.38,653,18.39,183,16.69,842,16.7,1881
2021-09-30 09:38:58.819198-04:00,18.38,653,18.39,183,16.68,1263,16.69,2140
2021-09-30 09:38:58.819198-04:00,18.36,668,18.37,430,16.68,1263,16.69,2140
2021-09-30 09:38:58.819198-04:00,18.36,668,18.37,430,16.68,1263,16.69,2140
2021-09-30 09:38:58.819198-04:00,18.36,668,18.37,430,16.68,1263,16.69,2140
2021-09-30 09:38:58.819198-04:00,18.36,668,18.37,430,16.68,1052,16.69,2140
2021-09-30 09:39:08.526245-04:00,18.36,668,18.37,430,16.68,1052,16.69,2140
2021-09-30 09:39:08.526245-04:00,18.36,668,18.37,430,16.68,1052,16.69,2140
2021-09-30 09:39:08.526245-04:00,18.36,668,18.37,430,16.68,1052,16.69,2140
2021-09-30 09:39:08.526245-04:00,18.36,86,18.37,360,16.68,1052,16.69,2140
2021-09-30 09:39:08.526245-04:00,18.36,86,18.37,360,16.68,1052,16.69,2140
2021-09-30 09:39:08.526245-04:00,18.36,86,18.37,360,16.68,1052,16.69,2140
2021-09-30 09:39:08.526245-04:00,18.36,86,18.37,360,16.67,1879,16.68,1598
2021-09-30 09:39:15.542486-04:00,18.36,86,18.37,360,16.67,1879,16.68,1598
2021-09-30 09:39:15.542486-04:00,18.35,415,18.36,682,16.67,1879,16.68,1598
2021-09-30 09:39:15.542486-04:00,18.35,415,18.36,682,16.67,1879,16.68,1598
2021-09-30 09:39:15.542486-04:00,18.35,415,18.36,682,16.67,1879,16.68,1598
2021-09-30 09:39:26.606905-04:00,18.35,415,18.36,682,16.67,1879,16.68,1598
2021-09-30 09:39:26.606905-04:00,18.35,510,18.37,784,16.67,1879,16.68,1598
2021-09-30 09:39:26.606905-04:00,18.35,510,18.37,784,16.67,1879,16.68,1598
2021-09-30 09:39:26.606905-04:00,18.35,510,18.37,784,16.67,1879,16.68,1598
2021-09-30 09:39:26.606905-04:00,18.35,510,18.37,784,16.67,1696,16.68,680
2021-09-30 09:39:26.606905-04:00,18.35,510,18.37,784,16.67,1696,16.68,680
2021-09-30 09:39:26.606905-04:00,18.35,510,18.37,784,16.67,1696,16.68,680
2021-09-30 09:39:26.606905-04:00,18.35,513,18.36,97,16.67,1696,16.68,680
2021-09-30 09:39:26.606905-04:00,18.35,513,18.36,97,16.67,1696,16.68,833
2021-09-30 09:39:26.606905-04:00,18.35,513,18.36,97,16.67,1696,16.68,833
2021-09-30 09:39:26.606905-04:00,18.35,505,18.37,1180,16.67,1696,16.68,833
2021-09-30 09:39:26.606905-04:00,18.35,505,18.37,1180,16.67,1696,16.68,833
2021-09-30 09:39:26.606905-04:00,18.35,505,18.37,1180,16.67,1696,16.68,833
2021-09-30 09:39:26.606905-04:00,18.35,505,18.37,1180,16.67,1515,16.68,1584
2021-09-30 09:39:26.606905-04:00,18.35,505,18.37,1180,16.67,1515,16.68,1584
2021-09-30 09:39:26.606905-04:00,18.35,415,18.36,916,16.67,1515,16.68,1584
2021-09-30 09:39:26.606905-04:00,18.35,415,18.36,916,16.67,1515,16.68,1595
2021-09-30 09:40:02.494953-04:00,18.35,415,18.36,916,16.67,1515,16.68,1595
2021-09-30 09:40:02.494953-04:00,18.35,415,18.36,916,16.67,1515,16.68,1595
2021-09-30 09:40:02.494953-04:00,18.34,214,18.36,916,16.67,1515,16.68,1595
2021-09-30 09:40:02.494953-04:00,18.34,214,18.36,916,16.67,1515,16.68,1595
2021-09-30 09:40:02.494953-04:00,18.34,214,18.36,916,16.67,1515,16.68,1595
2021-09-30 09:40:02.494953-04:00,18.34,214,18.36,916,16.67,1515,16.68,1595
2021-09-30 09:40:19.260132-04:00,18.34,214,18.36,916,16.67,1515,16.68,1595
2021-09-30 09:40:19.260132-04:00,18.35,600,18.37,748,16.67,1515,16.68,1595
2021-09-30 09:40:19.260132-04:00,18.35,600,18.37,748,16.67,1701,16.68,686
2021-09-30 09:40:19.260132-04:00,18.35,600,18.37,748,16.67,1701,16.68,686
2021-09-30 09:40:19.260132-04:00,18.35,600,18.37,748,16.67,1701,16.68,686
2021-09-30 09:40:19.260132-04:00,18.35,600,18.37,748,16.68,1098,16.69,2154
2021-09-30 09:40:19.260132-04:00,18.35,600,18.37,748,16.68,1098,16.69,2154
2021-09-30 09:40:27.603823-04:00,18.35,600,18.37,748,16.68,1098,16.69,2154
2021-09-30 09:40:27.603823-04:00,18.35,600,18.37,748,16.68,1098,16.69,2154
2021-09-30 09:40:27.603823-04:00,18.36,83,18.37,1140,16.68,1098,16.69,2154
2021-09-30 09:40:27.603823-04:00,18.36,83,18.37,1140,16.68,1098,16.69,2154
2021-09-30 09:40:27.603823-04:00,18.36,83,18.37,1140,16.68,1098,16.69,2154
2021-09-30 09:40:27.603823-04:00,18.36,83,18.37,1140,16.68,1098,16.69,2154
2021-09-30 09:40:36.461141-04:00,18.36,83,18.37,1140,16.68,1098,16.69,2154
2021-09-30 09:40:36.461141-04:00,18.36,415,18.37,997,16.68,1098,16.69,2154
2021-09-30 09:40:46.461405-04:00,18.36,415,18.37,997,16.68,1098,16.69,2154
2021-09-30 09:40:46.461405-04:00,18.36,256,18.37,1020,16.68,1098,16.69,2154
2021-09-30 09:40:46.461405-04:00,18.35,677,18.36,19,16.68,1098,16.69,2154
2021-09-30 09:40:59.742897-04:00,18.35,677,18.36,19,16.67,1180,16.68,677
2021-09-30 09:41:03.601579-04:00,18.35,677,18.36,19,16.67,1180,16.68,677
2021-09-30 09:41:03.601579-04:00,18.35,677,18.36,19,16.67,1180,16.68,677
2021-09-30 09:41:03.601579-04:00,18.35,677,18.36,19,16.68,1140,16.69,1287
2021-09-30 09:41:03.601579-04:00,18.36,186,18.37,581,16.68,1140,16.69,1287
2021-09-30 09:41:03.601579-04:00,18.36,186,18.37,581,16.68,1140,16.69,1287
2021-09-30 09:41:03.601579-04:00,18.36,186,18.37,581,16.68,1140,16.69,1287
2021-09-30 09:41:03.601579-04:00,18.36,186,18.37,581,16.68,1140,16.69,1287
2021-09-30 09:41:03.601579-04:00,18.37,429,18.38,498,16.68,1140,16.69,1287
2021-09-30 09:41:03.601579-04:00,18.37,429,18.38,498,16.68,1858,16.69,1894
2021-09-30 09:41:18.437913-04:00,18.37,429,18.38,498,16.68,1858,16.69,1894
2021-09-30 09:41:18.437913-04:00,18.37,429,18.38,498,16.68,1858,16.69,1894
2021-09-30 09:41:18.437913-04:00,18.37,429,18.38,498,16.68,1858,16.69,1894
2021-09-30 09:41:26.543243-04:00,18.37,429,18.38,498,16.68,1858,16.69,1894
2021-09-30 09:41:26.543243-04:00,18.37,7,18.38,1097,16.68,1858,16.69,1894
2021-09-30 09:41:26.543243-04:00,18.37,7,18.38,1097,16.68,1675,16.69,1894
2021-09-30 09:41:26.543243-04:00,18.37,7,18.38,1097,16.68,1675,16.69,1894
2021-09-30 09:41:26.543243-04:00,18.37,679,18.38,498,16.68,1675,16.69,1894
2021-09-30 09:41:35.455415-04:00,18.37,679,18.38,498,16.68,1675,16.69,1894
2021-09-30 09:41:35.455415-04:00,18.37,679,18.38,498,16.68,1675,16.69,1894
2021-09-30 09:41:35.455415-04:00,18.37,679,18.38,498,16.68,2113,16.69,1922
2021-09-30 09:41:35.455415-04:00,18.37,679,18.38,498,16.68,2113,16.69,1922
2021-09-30 09:41:47.605928-04:00,18.37,679,18.38,498,16.68,2113,16.69,1922
2021-09-30 09:41:47.605928-04:00,18.37,679,18.38,498,16.68,2113,16.69,1922
2021-09-30 09:41:47.605928-04:00,18.36,659,18.38,1221,16.68,2113,16.69,1922
2021-09-30 09:41:47.605928-04:00,18.36,659,18.38,1221,16.68,1747,16.69,2054
2021-09-30 09:41:47.605928-04:00,18.36,659,18.38,1221,16.68,1747,16.69,2054
2021-09-30 09:41:47.605928-04:00,18.36,659,18.38,1221,16.68,1675,16.69,1871
2021-09-30 09:41:47.605928-04:00,18.36,508,18.38,1138,16.68,1675,16.69,1871
2021-09-30 09:41:47.605928-04:00,18.36,508,18.38,1138,16.68,1555,16.69,1992
2021-09-30 09:41:47.605928-04:00,18.36,508,18.38,1138,16.68,1555,16.69,1992
2021-09-30 09:41:47.605928-04:00,18.36,500,18.38,948,16.68,1555,16.69,1992
2021-09-30 09:41:47.605928-04:00,18.36,500,18.38,948,16.68,1555,16.69,1992
2021-09-30 09:42:08.609774-04:00,18.36,500,18.38,948,16.68,1555,16.69,1992
2021-09-30 09:42:08.609774-04:00,18.36,500,18.38,948,16.68,1338,16.69,1373
2021-09-30 09:42:08.609774-04:00,18.36,413,18.38,1012,16.68,1338,16.69,1373
2021-09-30 09:42:08.609774-04:00,18.36,413,18.38,1012,16.68,1338,16.69,1373
2021-09-30 09:42:20.229706-04:00,18.36,413,18.38,1012,16.68,1338,16.69,1373
2021-09-30 09:42:20.229706-04:00,18.36,413,18.38,1012,16.68,1338,16.69,1373
2021-09-30 09:42:20.229706-04:00,18.36,413,18.38,1012,16.68,1543,16.69,1544
2021-09-30 09:42:20.229706-04:00,18.37,19,18.38,583,16.68,1543,16.69,1544
2021-09-30 09:42:28.481643-04:00,18.37,19,18.38,583,16.68,1543,16.69,1544
2021-09-30 09:42:28.481643-04:00,18.37,19,18.38,583,16.68,1543,16.69,1544
2021-09-30 09:42:28.481643-04:00,18.38,162,18.39,498,16.68,1889,16.69,160
2021-09-30 09:42:28.481643-04:00,18.38,162,18.39,498,16.68,1889,16.69,160
2021-09-30 09:42:38.528782-04:00,18.38,162,18.39,498,16.68,1889,16.69,160
2021-09-30 09:42:38.528782-04:00,18.38,162,18.39,498,16.68,1889,16.69,160
2021-09-30 09:42:38.528782-04:00,18.38,162,18.39,498,16.68,1889,16.69,160
2021-09-30 09:42:38.528782-04:00,18.38,162,18.39,498,16.69,47,16.7,1679
2021-09-30 09:42:38.528782-04:00,18.38,153,18.39,318,16.69,47,16.7,1679
2021-09-30 09:42:48.571930-04:00,18.38,153,18.39,318,16.69,47,16.7,1679
2021-09-30 09:43:00.421251-04:00,18.38,12,18.39,360,16.68,1938,16.69,1042
2021-09-30 09:43:00.421251-04:00,18.38,12,18.39,360,16.68,1938,16.69,1042
2021-09-30 09:43:00.421251-04:00,18.38,12,18.39,360,16.68,1938,16.69,1042
2021-09-30 09:43:00.421251-04:00,18.38,12,18.39,360,16.68,1938,16.69,1042
2021-09-30 09:43:00.421251-04:00,18.38,12,18.39,360,16.69,366,16.7,1765
2021-09-30 09:43:00.421251-04:00,18.38,12,18.39,360,16.69,366,16.7,1765
2021-09-30 09:43:05.508649-04:00,18.38,12,18.39,360,16.69,366,16.7,1765
2021-09-30 09:43:05.508649-04:00,18.38,175,18.39,304,16.69,366,16.7,1765
2021-09-30 09:43:05.508649-04:00,18.38,175,18.39,304,16.69,366,16.7,1765
2021-09-30 09:43:05.508649-04:00,18.38,175,18.39,304,16.69,366,16.7,1765
2021-09-30 09:43:05.508649-04:00,18.38,175,18.39,304,16.69,366,16.7,1765
2021-09-30 09:43:15.541825-04:00,18.38,175,18.39,304,16.69,366,16.7,1765
2021-09-30 09:43:15.541825-04:00,18.38,175,18.39,304,16.69,211,16.7,1765
2021-09-30 09:43:15.541825-04:00,18.38,105,18.39,565,16.69,211,16.7,1765
2021-09-30 09:43:15.541825-04:00,18.38,105,18.39,565,16.69,211,16.7,1765
2021-09-30 09:43:15.541825-04:00,18.38,105,18.39,565,16.69,211,16.7,1765
2021-09-30 09:43:15.541825-04:00,18.38,487,18.39,119,16.69,211,16.7,1765
2021-09-30 09:43:27.576646-04:00,18.38,487,18.39,119,16.69,211,16.7,1765
2021-09-30 09:43:27.576646-04:00,18.38,487,18.39,119,16.69,996,16.7,1763
2021-09-30 09:43:27.576646-04:00,18.38,487,18.39,119,16.69,996,16.7,1763
2021-09-30 09:43:27.576646-04:00,18.38,487,18.39,119,16.69,996,16.7,1763
2021-09-30 09:43:27.576646-04:00,18.38,155,18.39,620,16.69,996,16.7,1763
2021-09-30 09:43:40.608804-04:00,18.38,155,18.39,620,16.68,2081,16.69,188
2021-09-30 09:43:40.608804-04:00,18.38,155,18.39,620,16.68,2081,16.69,188
2021-09-30 09:43:40.608804-04:00,18.38,155,18.39,620,16.68,2081,16.69,188
2021-09-30 09:43:40.608804-04:00,18.38,155,18.39,620,16.68,2081,16.69,188
2021-09-30 09:43:40.608804-04:00,18.38,155,18.39,620,16.68,1909,16.69,114
2021-09-30 09:43:40.608804-04:00,18.37,773,18.39,576,16.68,1909,16.69,114
2021-09-30 09:43:48.664267-04:00,18.37,773,18.39,576,16.68,1909,16.69,114
2021-09-30 09:43:48.664267-04:00,18.37,773,18.39,576,16.68,1909,16.69,114
2021-09-30 09:43:48.664267-04:00,18.37,773,18.39,576,16.68,1909,16.69,114
2021-09-30 09:43:48.664267-04:00,18.37,773,18.39,576,16.68,1909,16.69,114
2021-09-30 09:43:57.515602-04:00,18.37,773,18.39,576,16.68,1909,16.69,114
2021-09-30 09:43:57.515602-04:00,18.37,773,18.39,576,16.68,1909,16.69,114
2021-09-30 09:43:57.515602-04:00,18.37,773,18.39,576,16.68,1909,16.69,114
2021-09-30 09:43:57.515602-04:00,18.37,773,18.39,576,16.68,1773,16.69,465
2021-09-30 09:43:57.515602-04:00,18.38,76,18.39,633,16.68,1773,16.69,465
2021-09-30 09:43:57.515602-04:00,18.38,76,18.39,633,16.68,1773,16.69,465
2021-09-30 09:43:57.515602-04:00,18.38,76,18.39,633,16.68,1773,16.69,465
2021-09-30 09:43:57.515602-04:00,18.38,76,18.39,633,16.68,1773,16.69,465
2021-09-30 09:43:57.515602-04:00,18.38,76,18.39,633,16.69,1295,16.7,1596
2021-09-30 09:43:57.515602-04:00,18.38,508,18.4,1110,16.69,1295,16.7,1596
2021-09-30 09:44:08.564063-04:00,18.38,508,18.4,1110,16.69,1295,16.7,1596
2021-09-30 09:44:08.564063-04:00,18.38,508,18.4,1110,16.69,1295,16.7,1596
2021-09-30 09:44:20.857197-04:00,18.38,508,18.4,1110,16.69,1370,16.7,1651
2021-09-30 09:44:20.857197-04:00,18.38,529,18.4,1009,16.69,1370,16.7,1651
2021-09-30 09:44:20.857197-04:00,18.38,529,18.4,1009,16.69,1370,16.7,1651
2021-09-30 09:44:20.857197-04:00,18.38,529,18.4,1009,16.69,1370,16.7,1651
2021-09-30 09:44:20.857197-04:00,18.38,529,18.4,1009,16.69,1370,16.7,1651
2021-09-30 09:44:20.857197-04:00,18.38,529,18.4,1009,16.69,1370,16.7,1651
2021-09-30 09:44:20.857197-04:00,18.38,529,18.4,1009,16.69,1411,16.7,1367
2021-09-30 09:44:20.857197-04:00,18.39,409,18.4,564,16.69,1411,16.7,1367
2021-09-30 09:44:28.531679-04:00,18.39,409,18.4,564,16.69,1411,16.7,1367
2021-09-30 09:44:28.531679-04:00,18.39,409,18.4,564,16.69,1411,16.7,1367
2021-09-30 09:44:28.531679-04:00,18.39,409,18.4,564,16.69,1411,16.7,1367
2021-09-30 09:44:28.531679-04:00,18.39,409,18.4,564,16.69,1459,16.7,1468
2021-09-30 09:44:28.531679-04:00,18.39,162,18.4,433,16.69,1459,16.7,1468
2021-09-30 09:44:38.558870-04:00,18.39,162,18.4,433,16.69,1459,16.7,1468
2021-09-30 09:44:38.558870-04:00,18.39,162,18.4,433,16.69,1459,16.7,1468
2021-09-30 09:44:47.696439-04:00,18.39,162,18.4,433,16.69,1459,16.7,1468
2021-09-30 09:44:47.696439-04:00,18.39,162,18.4,433,16.69,1745,16.7,537
2021-09-30 09:44:47.696439-04:00,18.39,471,18.4,24,16.69,1745,16.7,537
2021-09-30 09:45:01.075669-04:00,18.39,406,18.4,89,16.69,1471,16.7,1322
2021-09-30 09:45:01.079660-04:00,18.39,406,18.4,89,16.69,1471,16.7,1322
2021-09-30 09:45:01.079660-04:00,18.39,406,18.4,89,16.69,1471,16.7,1322
2021-09-30 09:45:01.079660-04:00,18.39,406,18.4,89,16.69,1471,16.7,1322
2021-09-30 09:45:05.443989-04:00,18.39,406,18.4,89,16.69,1471,16.7,1322
2021-09-30 09:45:05.443989-04:00,18.39,406,18.4,89,16.69,1668,16.7,1808
2021-09-30 09:45:05.443989-04:00,18.39,459,18.4,141,16.69,1668,16.7,1808
2021-09-30 09:45:05.443989-04:00,18.39,459,18.4,141,16.69,1668,16.7,1808
2021-09-30 09:45:05.443989-04:00,18.39,459,18.4,141,16.69,1668,16.7,1808
2021-09-30 09:45:05.443989-04:00,18.39,459,18.4,141,16.69,1668,16.7,1808
2021-09-30 09:45:05.443989-04:00,18.39,459,18.4,141,16.69,1668,16.7,1808
2021-09-30 09:45:05.443989-04:00,18.39,459,18.4,141,16.7,1557,16.71,1322
2021-09-30 09:45:05.443989-04:00,18.41,133,18.42,349,16.7,1557,16.71,1322
2021-09-30 09:45:18.563912-04:00,18.41,133,18.42,349,16.7,1557,16.71,1322
2021-09-30 09:45:18.563912-04:00,18.41,133,18.42,349,16.7,1557,16.71,1322
2021-09-30 09:45:18.563912-04:00,18.41,133,18.42,349,16.69,3371,16.7,149
2021-09-30 09:45:27.912916-04:00,18.41,133,18.42,349,16.69,3371,16.7,149
2021-09-30 09:45:27.912916-04:00,18.4,273,18.41,1084,16.69,3371,16.7,149
2021-09-30 09:45:41.285165-04:00,18.39,1303,18.4,330,16.69,2718,16.7,1256
2021-09-30 09:45:41.285165-04:00,18.39,1303,18.4,330,16.69,2718,16.7,1256
2021-09-30 09:45:41.285165-04:00,18.39,1303,18.4,330,16.69,2718,16.7,1256
2021-09-30 09:45:41.285165-04:00,18.39,1303,18.4,330,16.69,2718,16.7,1256
2021-09-30 09:45:41.285165-04:00,18.39,1303,18.4,330,16.69,2736,16.7,1227
2021-09-30 09:45:41.285165-04:00,18.39,1303,18.4,330,16.69,2736,16.7,1227
2021-09-30 09:45:41.285165-04:00,18.39,1261,18.4,327,16.69,2736,16.7,1227
2021-09-30 09:45:48.682386-04:00,18.39,1261,18.4,327,16.69,2736,16.7,1227
2021-09-30 09:45:48.682386-04:00,18.39,1261,18.4,327,16.69,2736,16.7,1227
2021-09-30 09:45:48.682386-04:00,18.39,1261,18.4,327,16.69,2736,16.7,1227
2021-09-30 09:45:48.682386-04:00,18.39,1261,18.4,327,16.69,2736,16.7,1227
2021-09-30 09:45:48.682386-04:00,18.39,1261,18.4,327,16.69,2740,16.7,751
2021-09-30 09:45:48.682386-04:00,18.4,132,18.41,1662,16.69,2740,16.7,751
2021-09-30 09:45:58.709577-04:00,18.4,132,18.41,1662,16.69,2740,16.7,751
2021-09-30 09:46:02.467530-04:00,18.4,132,18.41,1662,16.69,2740,16.7,751
2021-09-30 09:46:02.467530-04:00,18.4,132,18.41,1662,16.69,2740,16.7,751
2021-09-30 09:46:08.125404-04:00,18.4,132,18.41,1662,16.69,2740,16.7,751
2021-09-30 09:46:08.125404-04:00,18.4,132,18.41,1662,16.69,2740,16.7,751
2021-09-30 09:46:08.125404-04:00,18.4,132,18.41,1662,16.69,2740,16.7,751
2021-09-30 09:46:08.125404-04:00,18.4,132,18.41,1662,16.69,2954,16.7,607
2021-09-30 09:46:08.125404-04:00,18.4,443,18.41,1119,16.69,2954,16.7,607
2021-09-30 09:46:08.125404-04:00,18.4,443,18.41,1119,16.69,2954,16.7,607
2021-09-30 09:46:08.125404-04:00,18.4,443,18.41,1119,16.69,2583,16.7,608
2021-09-30 09:46:17.550206-04:00,18.4,443,18.41,1119,16.69,2583,16.7,608
2021-09-30 09:46:17.550206-04:00,18.4,159,18.41,1097,16.69,2583,16.7,608
2021-09-30 09:46:17.550206-04:00,18.4,159,18.41,1097,16.69,2583,16.7,608
2021-09-30 09:46:17.550206-04:00,18.4,159,18.41,1097,16.69,2583,16.7,608
2021-09-30 09:46:17.550206-04:00,18.4,159,18.41,1097,16.69,2583,16.7,608
2021-09-30 09:46:17.550206-04:00,18.4,159,18.41,1097,16.69,2583,16.7,608
2021-09-30 09:46:17.550206-04:00,18.4,159,18.41,1097,16.7,1862,16.71,2504
2021-09-30 09:46:27.580388-04:00,18.4,159,18.41,1097,16.7,1862,16.71,2504
2021-09-30 09:46:27.580388-04:00,18.41,782,18.42,286,16.7,1862,16.71,2504
2021-09-30 09:46:27.580388-04:00,18.41,782,18.42,286,16.7,1862,16.71,2504
2021-09-30 09:46:27.580388-04:00,18.41,782,18.42,286,16.7,1862,16.71,2504
2021-09-30 09:46:27.580388-04:00,18.41,782,18.42,286,16.7,1862,16.71,2504
2021-09-30 09:46:27.580388-04:00,18.41,782,18.42,286,16.7,1862,16.71,2504
2021-09-30 09:46:27.580388-04:00,18.41,782,18.42,286,16.7,2752,16.71,1438
2021-09-30 09:46:27.580388-04:00,18.42,1063,18.43,1137,16.7,2752,16.71,1438
2021-09-30 09:46:38.626857-04:00,18.42,1063,18.43,1137,16.7,2752,16.71,1438
2021-09-30 09:46:38.626857-04:00,18.42,1063,18.43,1137,16.7,2752,16.71,1438
2021-09-30 09:46:38.626857-04:00,18.42,1063,18.43,1137,16.7,2752,16.71,1438
2021-09-30 09:46:38.626857-04:00,18.42,1063,18.43,1137,16.7,2752,16.71,1438
2021-09-30 09:46:48.308970-04:00,18.42,1063,18.43,1137,16.7,2752,16.71,1438
2021-09-30 09:46:48.308970-04:00,18.42,1063,18.43,1137,16.7,1977,16.71,2320
2021-09-30 09:46:48.308970-04:00,18.41,1261,18.42,696,16.7,1977,16.71,2320
2021-09-30 09:46:48.308970-04:00,18.41,1261,18.42,696,16.7,1977,16.71,2320
2021-09-30 09:46:48.308970-04:00,18.41,1261,18.42,696,16.7,1977,16.71,2320
2021-09-30 09:46:48.308970-04:00,18.41,1261,18.42,696,16.7,1951,16.71,2327
2021-09-30 09:47:01.768983-04:00,18.41,1103,18.42,501,16.7,1951,16.71,2327
2021-09-30 09:47:01.768983-04:00,18.41,1103,18.42,501,16.7,1951,16.71,2327
2021-09-30 09:47:06.637964-04:00,18.41,1103,18.42,501,16.7,1951,16.71,2327
2021-09-30 09:47:06.637964-04:00,18.41,1103,18.42,501,16.7,1951,16.71,2327
2021-09-30 09:47:06.637964-04:00,18.41,1103,18.42,501,16.7,1951,16.71,2327
2021-09-30 09:47:06.637964-04:00,18.41,1103,18.42,501,16.7,2117,16.71,2451
2021-09-30 09:47:06.637964-04:00,18.4,1717,18.41,141,16.7,2117,16.71,2451
2021-09-30 09:47:06.637964-04:00,18.4,1717,18.41,141,16.7,2117,16.71,2451
2021-09-30 09:47:06.637964-04:00,18.4,1717,18.41,141,16.7,2117,16.71,2451
2021-09-30 09:47:06.637964-04:00,18.4,1717,18.41,141,16.7,2117,16.71,2451
2021-09-30 09:47:18.699716-04:00,18.4,1717,18.41,141,16.7,2117,16.71,2451
2021-09-30 09:47:18.699716-04:00,18.4,1717,18.41,141,16.7,676,16.71,2575
2021-09-30 09:47:18.699716-04:00,18.4,1717,18.41,141,16.7,676,16.71,2575
2021-09-30 09:47:18.699716-04:00,18.4,584,18.41,561,16.7,676,16.71,2575
2021-09-30 09:47:18.699716-04:00,18.4,584,18.41,561,16.7,676,16.71,2575
2021-09-30 09:47:18.699716-04:00,18.4,584,18.41,561,16.7,676,16.71,2575
2021-09-30 09:47:28.675046-04:00,18.4,584,18.41,561,16.7,2262,16.71,2647
2021-09-30 09:47:28.675046-04:00,18.41,178,18.42,1448,16.7,2262,16.71,2647
2021-09-30 09:47:28.675046-04:00,18.41,178,18.42,1448,16.7,2262,16.71,2647
2021-09-30 09:47:28.675046-04:00,18.41,178,18.42,1448,16.7,2262,16.71,2647
2021-09-30 09:47:35.618481-04:00,18.41,178,18.42,1448,16.7,2262,16.71,2647
2021-09-30 09:47:35.618481-04:00,18.41,178,18.42,1448,16.7,2234,16.71,2649
2021-09-30 09:47:35.618481-04:00,18.4,1824,18.41,156,16.7,2234,16.71,2649
2021-09-30 09:47:35.618481-04:00,18.4,1824,18.41,156,16.7,2234,16.71,2649
2021-09-30 09:47:44.557582-04:00,18.4,1824,18.41,156,16.7,2234,16.71,2649
2021-09-30 09:47:44.557582-04:00,18.4,1824,18.41,156,16.7,2234,16.71,2649
2021-09-30 09:47:44.557582-04:00,18.4,1844,18.41,218,16.7,2234,16.71,2649
2021-09-30 09:47:44.557582-04:00,18.4,1844,18.41,218,16.7,2234,16.71,2649
2021-09-30 09:47:44.557582-04:00,18.4,1844,18.41,218,16.7,2234,16.71,2649
2021-09-30 09:47:57.434155-04:00,18.4,1844,18.41,218,16.7,2234,16.71,2649
2021-09-30 09:47:57.434155-04:00,18.4,1844,18.41,218,16.7,2152,16.71,2948
2021-09-30 09:47:57.434155-04:00,18.4,1742,18.41,323,16.7,2152,16.71,2948
2021-09-30 09:47:57.434155-04:00,18.4,1742,18.41,323,16.7,2152,16.71,2948
2021-09-30 09:47:57.434155-04:00,18.4,1742,18.41,323,16.7,2152,16.71,2948
2021-09-30 09:48:08.987270-04:00,18.4,1742,18.41,323,16.7,2152,16.71,2948
2021-09-30 09:48:08.987270-04:00,18.4,1742,18.41,323,16.7,299,16.71,3240
2021-09-30 09:48:08.987270-04:00,18.39,1374,18.4,226,16.7,299,16.71,3240
2021-09-30 09:48:08.987270-04:00,18.39,1374,18.4,226,16.7,299,16.71,3240
2021-09-30 09:48:08.987270-04:00,18.39,1374,18.4,226,16.7,299,16.71,3240
2021-09-30 09:48:18.568651-04:00,18.39,1374,18.4,226,16.7,2467,16.71,2670
2021-09-30 09:48:18.568651-04:00,18.39,1374,18.4,226,16.7,2467,16.71,2670
2021-09-30 09:48:18.568651-04:00,18.41,464,18.42,1321,16.7,2467,16.71,2670
2021-09-30 09:48:18.568651-04:00,18.4,1761,18.41,1068,16.7,2467,16.71,2670
2021-09-30 09:48:18.568651-04:00,18.4,1761,18.41,1068,16.7,2467,16.71,2670
2021-09-30 09:48:27.629427-04:00,18.4,1761,18.41,1068,16.7,2467,16.71,2670
2021-09-30 09:48:27.629427-04:00,18.4,1761,18.41,1068,16.7,2072,16.71,3387
2021-09-30 09:48:35.829502-04:00,18.4,1761,18.41,1068,16.7,2072,16.71,3387
2021-09-30 09:48:35.829502-04:00,18.4,1761,18.41,1068,16.7,2072,16.71,3387
2021-09-30 09:48:38.611064-04:00,18.4,1761,18.41,1068,16.7,2072,16.71,3387
2021-09-30 09:48:38.611064-04:00,18.4,1761,18.41,1068,16.7,2071,16.71,3399
2021-09-30 09:48:38.611064-04:00,18.4,1158,18.41,1452,16.7,2071,16.71,3399
2021-09-30 09:48:40.618699-04:00,18.4,1158,18.41,1452,16.7,2071,16.71,3399
2021-09-30 09:48:45.608357-04:00,18.4,1158,18.41,1452,16.7,2071,16.71,3399
2021-09-30 09:48:45.608357-04:00,18.4,1158,18.41,1452,16.7,2071,16.71,3399
2021-09-30 09:48:45.608357-04:00,18.4,1158,18.41,1452,16.7,2071,16.71,3399
2021-09-30 09:48:45.608357-04:00,18.4,1158,18.41,1452,16.69,2791,16.7,2676
2021-09-30 09:48:45.608357-04:00,18.39,813,18.4,1425,16.69,2791,16.7,2676
2021-09-30 09:48:45.608357-04:00,18.39,813,18.4,1425,16.69,2791,16.7,2676
2021-09-30 09:48:57.642183-04:00,18.39,813,18.4,1425,16.69,2791,16.7,2676
2021-09-30 09:48:57.642183-04:00,18.39,813,18.4,1425,16.69,2791,16.7,2676
2021-09-30 09:48:57.642183-04:00,18.39,813,18.4,1425,16.69,2293,16.7,2806
2021-09-30 09:48:57.642183-04:00,18.39,813,18.4,1425,16.69,2293,16.7,2806
2021-09-30 09:48:57.642183-04:00,18.38,1397,18.39,581,16.69,2293,16.7,2806
2021-09-30 09:48:57.642183-04:00,18.38,1397,18.39,581,16.69,2293,16.7,2806
2021-09-30 09:49:05.415403-04:00,18.38,1397,18.39,581,16.69,2293,16.7,2806
2021-09-30 09:49:05.415403-04:00,18.38,1397,18.39,581,16.69,2293,16.7,2806
2021-09-30 09:49:08.627812-04:00,18.38,1397,18.39,581,16.69,2293,16.7,2806
2021-09-30 09:49:08.627812-04:00,18.38,589,18.39,1064,16.69,2041,16.7,3548
2021-09-30 09:49:18.502411-04:00,18.38,589,18.39,1064,16.69,2041,16.7,3548
2021-09-30 09:49:18.502411-04:00,18.38,589,18.39,1064,16.69,1447,16.7,3756
2021-09-30 09:49:18.502411-04:00,18.38,144,18.39,1819,16.69,1447,16.7,3756
2021-09-30 09:49:18.502411-04:00,18.38,144,18.39,1819,16.69,1447,16.7,3756
2021-09-30 09:49:18.502411-04:00,18.38,144,18.39,1819,16.69,1447,16.7,3756
2021-09-30 09:49:18.502411-04:00,18.38,144,18.39,1819,16.69,1447,16.7,3756
2021-09-30 09:49:18.502411-04:00,18.38,710,18.39,972,16.69,1447,16.7,3756
2021-09-30 09:49:29.659582-04:00,18.38,710,18.39,972,16.69,1447,16.7,3756
2021-09-30 09:49:29.659582-04:00,18.38,710,18.39,972,16.69,1258,16.7,3701
2021-09-30 09:49:36.420505-04:00,18.38,710,18.39,972,16.69,1258,16.7,3701
2021-09-30 09:49:36.420505-04:00,18.38,710,18.39,972,16.69,1258,16.7,3701
2021-09-30 09:49:36.420505-04:00,18.38,710,18.39,972,16.69,1258,16.7,3701
2021-09-30 09:49:36.420505-04:00,18.37,1898,18.38,151,16.69,1258,16.7,3701
2021-09-30 09:49:36.420505-04:00,18.37,1898,18.38,151,16.69,990,16.7,4034
2021-09-30 09:49:46.615253-04:00,18.37,1898,18.38,151,16.69,990,16.7,4034
2021-09-30 09:49:46.615253-04:00,18.37,1898,18.38,151,16.69,990,16.7,4034
2021-09-30 09:49:46.615253-04:00,18.38,1811,18.39,792,16.69,990,16.7,4034
2021-09-30 09:49:48.525143-04:00,18.38,1811,18.39,792,16.69,990,16.7,4034
2021-09-30 09:49:48.525143-04:00,18.38,1811,18.39,792,16.69,1775,16.7,3785
2021-09-30 09:49:48.525143-04:00,18.38,1811,18.39,792,16.69,1775,16.7,3785
2021-09-30 09:49:57.651754-04:00,18.38,1811,18.39,792,16.69,1775,16.7,3785
2021-09-30 09:49:57.651754-04:00,18.38,1811,18.39,792,16.69,1860,16.7,3263
2021-09-30 09:49:57.651754-04:00,18.38,1811,18.39,792,16.69,1860,16.7,3263
2021-09-30 09:49:57.651754-04:00,18.38,2144,18.39,172,16.69,1860,16.7,3263
2021-09-30 09:49:57.651754-04:00,18.38,2144,18.39,172,16.69,1860,16.7,3263
2021-09-30 09:49:57.651754-04:00,18.38,2144,18.39,172,16.69,1860,16.7,3263
2021-09-30 09:49:57.651754-04:00,18.38,2144,18.39,172,16.69,1860,16.7,3263
2021-09-30 09:49:57.651754-04:00,18.38,2144,18.39,172,16.69,1860,16.7,3263
2021-09-30 09:50:10.030646-04:00,18.4,495,18.41,1233,16.69,3201,16.7,56
2021-09-30 09:50:10.030646-04:00,18.4,495,18.41,1233,16.69,3201,16.7,56
2021-09-30 09:50:10.030646-04:00,18.4,495,18.41,1233,16.69,3201,16.7,56
2021-09-30 09:50:10.030646-04:00,18.4,495,18.41,1233,16.69,3201,16.7,56
2021-09-30 09:50:18.484044-04:00,18.39,2448,18.4,547,16.69,3201,16.7,56
2021-09-30 09:50:18.484044-04:00,18.39,2448,18.4,547,16.69,3082,16.7,433
2021-09-30 09:50:18.484044-04:00,18.39,2448,18.4,547,16.69,3082,16.7,433
2021-09-30 09:50:18.484044-04:00,18.39,2448,18.4,547,16.69,3082,16.7,433
2021-09-30 09:50:18.484044-04:00,18.39,2099,18.4,635,16.69,3082,16.7,433
2021-09-30 09:50:28.514239-04:00,18.39,2099,18.4,635,16.69,3082,16.7,433
2021-09-30 09:50:28.514239-04:00,18.39,2099,18.4,635,16.69,2716,16.7,2728
2021-09-30 09:50:28.514239-04:00,18.39,2099,18.4,635,16.69,2716,16.7,2728
2021-09-30 09:50:36.890832-04:00,18.39,2099,18.4,635,16.69,2716,16.7,2728
2021-09-30 09:50:36.890832-04:00,18.39,2099,18.4,635,16.69,2716,16.7,2728
2021-09-30 09:50:36.890832-04:00,18.39,2099,18.4,635,16.69,2694,16.7,496
2021-09-30 09:50:36.890832-04:00,18.39,2099,18.4,635,16.69,2694,16.7,496
2021-09-30 09:50:36.890832-04:00,18.39,2667,18.4,239,16.69,2694,16.7,496
2021-09-30 09:50:36.890832-04:00,18.39,2667,18.4,239,16.69,2694,16.7,496
2021-09-30 09:50:36.890832-04:00,18.39,2667,18.4,239,16.69,2694,16.7,496
2021-09-30 09:50:45.523750-04:00,18.39,2667,18.4,239,16.69,2694,16.7,496
2021-09-30 09:50:45.523750-04:00,18.39,2667,18.4,239,16.69,4255,16.7,28
2021-09-30 09:50:45.523750-04:00,18.4,2148,18.41,351,16.69,4255,16.7,28
2021-09-30 09:50:45.523750-04:00,18.4,2148,18.41,351,16.69,4255,16.7,28
2021-09-30 09:50:45.523750-04:00,18.4,2148,18.41,351,16.69,4255,16.7,28
2021-09-30 09:50:45.523750-04:00,18.4,2148,18.41,351,16.69,4255,16.7,28
2021-09-30 09:50:45.523750-04:00,18.4,2148,18.41,351,16.69,4255,16.7,28
2021-09-30 09:50:45.523750-04:00,18.41,1949,18.42,591,16.69,4255,16.7,28
2021-09-30 09:50:58.489087-04:00,18.41,1949,18.42,591,16.7,3530,16.71,2085
2021-09-30 09:50:58.489087-04:00,18.41,1949,18.42,591,16.7,3530,16.71,2085
2021-09-30 09:50:58.489087-04:00,18.41,1949,18.42,591,16.7,3530,16.71,2085
2021-09-30 09:50:58.489087-04:00,18.41,1949,18.42,591,16.7,3530,16.71,2085
2021-09-30 09:50:58.489087-04:00,18.41,1949,18.42,591,16.7,3530,16.71,2085
2021-09-30 09:50:58.489087-04:00,18.39,2037,18.4,160,16.7,3530,16.71,2085
2021-09-30 09:51:08.528246-04:00,18.39,2037,18.4,160,16.7,3530,16.71,2085
2021-09-30 09:51:08.528246-04:00,18.39,2037,18.4,160,16.7,62,16.71,4203
2021-09-30 09:51:08.528246-04:00,18.39,2037,18.4,160,16.7,62,16.71,4203
2021-09-30 09:51:08.528246-04:00,18.39,2037,18.4,160,16.7,62,16.71,4203
2021-09-30 09:51:08.528246-04:00,18.39,2037,18.4,160,16.7,62,16.71,4203
2021-09-30 09:51:08.528246-04:00,18.39,2037,18.4,160,16.7,62,16.71,4203
2021-09-30 09:51:17.113295-04:00,18.39,2037,18.4,160,16.7,62,16.71,4203
2021-09-30 09:51:17.113295-04:00,18.39,1008,18.4,647,16.7,62,16.71,4203
2021-09-30 09:51:17.113295-04:00,18.39,1008,18.4,647,16.69,2988,16.7,2813
2021-09-30 09:51:17.113295-04:00,18.39,1008,18.4,647,16.69,2988,16.7,2813
2021-09-30 09:51:17.113295-04:00,18.39,2131,18.4,179,16.69,2988,16.7,2813
2021-09-30 09:51:30.576299-04:00,18.39,2131,18.4,179,16.69,3212,16.7,519
2021-09-30 09:51:30.576299-04:00,18.39,2131,18.4,179,16.69,3212,16.7,519
2021-09-30 09:51:36.472534-04:00,18.39,2131,18.4,179,16.69,3212,16.7,519
2021-09-30 09:51:36.472534-04:00,18.39,2131,18.4,179,16.69,3212,16.7,519
2021-09-30 09:51:36.472534-04:00,18.39,2284,18.4,184,16.69,3212,16.7,519
2021-09-30 09:51:36.472534-04:00,18.39,2284,18.4,184,16.69,3224,16.7,519
2021-09-30 09:51:36.472534-04:00,18.39,2284,18.4,184,16.69,3224,16.7,519
2021-09-30 09:51:36.472534-04:00,18.39,2284,18.4,184,16.69,3224,16.7,519
2021-09-30 09:51:45.536300-04:00,18.39,2284,18.4,184,16.69,3224,16.7,519
2021-09-30 09:51:45.536300-04:00,18.39,2284,18.4,184,16.69,3224,16.7,519
2021-09-30 09:51:45.536300-04:00,18.4,1051,18.41,1205,16.69,3224,16.7,519
2021-09-30 09:51:45.536300-04:00,18.4,1051,18.41,1205,16.69,4515,16.7,56
2021-09-30 09:51:45.536300-04:00,18.4,1051,18.41,1205,16.69,4515,16.7,56
2021-09-30 09:51:57.473387-04:00,18.4,1051,18.41,1205,16.69,4515,16.7,56
2021-09-30 09:51:57.473387-04:00,18.4,1051,18.41,1205,16.69,4515,16.7,56
2021-09-30 09:51:57.473387-04:00,18.4,1051,18.41,1205,16.69,4515,16.7,56
2021-09-30 09:51:57.473387-04:00,18.39,1297,18.4,506,16.69,4515,16.7,56
2021-09-30 09:51:57.473387-04:00,18.39,1297,18.4,506,16.69,3265,16.7,2520
2021-09-30 09:51:57.473387-04:00,18.39,1297,18.4,506,16.69,3265,16.7,2520
2021-09-30 09:51:57.473387-04:00,18.39,1297,18.4,506,16.69,3265,16.7,2520
2021-09-30 09:51:57.473387-04:00,18.38,2202,18.39,201,16.69,3265,16.7,2520
2021-09-30 09:52:10.797764-04:00,18.38,2202,18.39,201,16.69,2713,16.7,2786
2021-09-30 09:52:10.797764-04:00,18.38,2202,18.39,201,16.69,2713,16.7,2786
2021-09-30 09:52:16.532432-04:00,18.38,2202,18.39,201,16.69,2713,16.7,2786
2021-09-30 09:52:16.532432-04:00,18.38,2202,18.39,201,16.69,2713,16.7,2786
2021-09-30 09:52:16.532432-04:00,18.39,761,18.4,1300,16.69,2713,16.7,2786
2021-09-30 09:52:16.532432-04:00,18.39,761,18.4,1300,16.69,2520,16.7,2698
2021-09-30 09:52:16.532432-04:00,18.39,761,18.4,1300,16.69,2520,16.7,2698
2021-09-30 09:52:16.532432-04:00,18.39,761,18.4,1300,16.69,2520,16.7,2698
2021-09-30 09:52:16.532432-04:00,18.4,2435,18.41,486,16.69,2520,16.7,2698
2021-09-30 09:52:28.471508-04:00,18.4,2435,18.41,486,16.69,2520,16.7,2698
2021-09-30 09:52:28.471508-04:00,18.4,2435,18.41,486,16.7,3339,16.71,4019
2021-09-30 09:52:28.471508-04:00,18.4,2435,18.41,486,16.7,3339,16.71,4019
2021-09-30 09:52:28.471508-04:00,18.4,2435,18.41,486,16.7,3339,16.71,4019
2021-09-30 09:52:28.471508-04:00,18.4,2435,18.41,486,16.7,3339,16.71,4019
2021-09-30 09:52:28.471508-04:00,18.4,2435,18.41,486,16.7,3339,16.71,4019
2021-09-30 09:52:28.471508-04:00,18.4,850,18.41,1448,16.7,3339,16.71,4019
2021-09-30 09:52:38.500697-04:00,18.4,850,18.41,1448,16.7,3339,16.71,4019
2021-09-30 09:52:38.500697-04:00,18.4,850,18.41,1448,16.7,789,16.71,3983
2021-09-30 09:52:38.500697-04:00,18.4,850,18.41,1448,16.7,789,16.71,3983
2021-09-30 09:52:46.606025-04:00,18.4,850,18.41,1448,16.7,789,16.71,3983
2021-09-30 09:52:46.606025-04:00,18.4,850,18.41,1448,16.7,1223,16.71,4037
2021-09-30 09:52:46.606025-04:00,18.4,1129,18.41,1025,16.7,1223,16.71,4037
2021-09-30 09:52:46.606025-04:00,18.4,1129,18.41,1025,16.7,1223,16.71,4037
2021-09-30 09:52:46.606025-04:00,18.4,2422,18.41,577,16.7,1223,16.71,4037
2021-09-30 09:52:58.670768-04:00,18.4,2422,18.41,577,16.7,1223,16.71,4037
2021-09-30 09:52:58.670768-04:00,18.4,2422,18.41,577,16.7,2083,16.71,3754
2021-09-30 09:53:04.460294-04:00,18.4,2422,18.41,577,16.7,2083,16.71,3754
2021-09-30 09:53:04.460294-04:00,18.4,2422,18.41,577,16.7,2083,16.71,3754
2021-09-30 09:53:04.460294-04:00,18.41,892,18.42,1566,16.7,2083,16.71,3754
2021-09-30 09:53:04.460294-04:00,18.41,892,18.42,1566,16.7,2488,16.71,3367
2021-09-30 09:53:17.877419-04:00,18.41,892,18.42,1566,16.7,2488,16.71,3367
2021-09-30 09:53:17.877419-04:00,18.41,892,18.42,1566,16.7,2488,16.71,3367
2021-09-30 09:53:17.877419-04:00,18.41,892,18.42,1566,16.7,2488,16.71,3367
2021-09-30 09:53:17.877419-04:00,18.42,1772,18.43,1298,16.7,2488,16.71,3367
2021-09-30 09:53:17.877419-04:00,18.42,1772,18.43,1298,16.7,3789,16.71,735
2021-09-30 09:53:25.621712-04:00,18.42,1772,18.43,1298,16.7,3789,16.71,735
2021-09-30 09:53:25.621712-04:00,18.42,1772,18.43,1298,16.7,3789,16.71,735
2021-09-30 09:53:27.628347-04:00,18.42,1772,18.43,1298,16.7,3789,16.71,735
2021-09-30 09:53:27.628347-04:00,18.42,1772,18.43,1298,16.7,3789,16.71,735
2021-09-30 09:53:27.628347-04:00,18.42,2462,18.43,112,16.7,3789,16.71,735
2021-09-30 09:53:27.628347-04:00,18.42,2462,18.43,112,16.71,2250,16.72,3929
2021-09-30 09:53:27.628347-04:00,18.42,2462,18.43,112,16.71,2250,16.72,3929
2021-09-30 09:53:27.628347-04:00,18.42,2462,18.43,112,16.71,2250,16.72,3929
2021-09-30 09:53:27.628347-04:00,18.43,1686,18.44,306,16.71,2250,16.72,3929
2021-09-30 09:53:38.520228-04:00,18.43,1686,18.44,306,16.71,2250,16.72,3929
2021-09-30 09:53:38.520228-04:00,18.43,1686,18.44,306,16.71,2562,16.72,2998
2021-09-30 09:53:38.520228-04:00,18.43,1686,18.44,306,16.71,2562,16.72,2998
2021-09-30 09:53:38.520228-04:00,18.43,1686,18.44,306,16.71,2562,16.72,2998
2021-09-30 09:53:38.520228-04:00,18.43,1686,18.44,306,16.71,2562,16.72,2998
2021-09-30 09:53:46.459999-04:00,18.43,1686,18.44,306,16.71,2562,16.72,2998
2021-09-30 09:53:46.459999-04:00,18.43,1686,18.44,306,16.71,2562,16.72,2998
2021-09-30 09:53:46.459999-04:00,18.42,736,18.43,1166,16.71,2562,16.72,2998
2021-09-30 09:53:46.459999-04:00,18.42,736,18.43,1166,16.71,71,16.72,4058
2021-09-30 09:53:46.459999-04:00,18.42,736,18.43,1166,16.71,71,16.72,4058
2021-09-30 09:53:46.459999-04:00,18.42,736,18.43,1166,16.71,71,16.72,4058
2021-09-30 09:53:46.459999-04:00,18.42,736,18.43,1166,16.71,71,16.72,4058
2021-09-30 09:53:46.459999-04:00,18.43,51,18.44,2926,16.71,71,16.72,4058
2021-09-30 09:53:58.496817-04:00,18.43,51,18.44,2926,16.71,71,16.72,4058
2021-09-30 09:53:58.496817-04:00,18.43,51,18.44,2926,16.71,267,16.72,3690
2021-09-30 09:53:58.496817-04:00,18.43,51,18.44,2926,16.71,267,16.72,3690
2021-09-30 09:54:10.691215-04:00,18.43,51,18.44,2926,16.71,132,16.72,3831
2021-09-30 09:54:10.691215-04:00,18.43,51,18.44,2926,16.71,132,16.72,3831
2021-09-30 09:54:10.691215-04:00,18.42,1385,18.43,451,16.71,132,16.72,3831
2021-09-30 09:54:10.691215-04:00,18.42,1385,18.43,451,16.71,132,16.72,3831
2021-09-30 09:54:10.691215-04:00,18.42,739,18.43,857,16.71,132,16.72,3831
2021-09-30 09:54:18.519285-04:00,18.42,739,18.43,857,16.71,132,16.72,3831
2021-09-30 09:54:18.519285-04:00,18.42,739,18.43,857,16.71,71,16.72,3804
2021-09-30 09:54:28.548472-04:00,18.42,739,18.43,857,16.71,71,16.72,3804
2021-09-30 09:54:28.548472-04:00,18.4,507,18.41,1173,16.71,71,16.72,3804
2021-09-30 09:54:28.548472-04:00,18.4,507,18.41,1173,16.71,71,16.72,3804
2021-09-30 09:54:28.548472-04:00,18.4,507,18.41,1173,16.7,648,16.71,4020
2021-09-30 09:54:28.548472-04:00,18.4,507,18.41,1173,16.7,648,16.71,4020
2021-09-30 09:54:32.514867-04:00,18.4,507,18.41,1173,16.7,648,16.71,4020
2021-09-30 09:54:32.514867-04:00,18.4,507,18.41,1173,16.7,648,16.71,4020
2021-09-30 09:54:32.514867-04:00,18.41,1564,18.42,1140,16.7,648,16.71,4020
2021-09-30 09:54:38.453989-04:00,18.41,1564,18.42,1140,16.7,3252,16.71,2747
2021-09-30 09:54:38.453989-04:00,18.41,1564,18.42,1140,16.7,3252,16.71,2747
2021-09-30 09:54:41.486878-04:00,18.41,1564,18.42,1140,16.7,3252,16.71,2747
2021-09-30 09:54:41.486878-04:00,18.41,1564,18.42,1140,16.7,3252,16.71,2747
2021-09-30 09:54:50.967532-04:00,18.42,996,18.43,904,16.7,3585,16.71,287
2021-09-30 09:54:50.967532-04:00,18.42,996,18.43,904,16.7,3585,16.71,287
2021-09-30 09:54:50.967532-04:00,18.42,996,18.43,904,16.7,3585,16.71,287
2021-09-30 09:54:50.967532-04:00,18.42,996,18.43,904,16.7,3585,16.71,287
2021-09-30 09:54:50.967532-04:00,18.42,713,18.43,941,16.7,3585,16.71,287
2021-09-30 09:54:50.967532-04:00,18.42,713,18.43,941,16.7,3536,16.71,459
2021-09-30 09:54:58.449527-04:00,18.42,713,18.43,941,16.7,3536,16.71,459
2021-09-30 09:54:59.453842-04:00,18.42,713,18.43,941,16.7,3536,16.71,459
2021-09-30 09:54:59.453842-04:00,18.42,713,18.43,941,16.7,3536,16.71,459
2021-09-30 09:54:59.453842-04:00,18.43,869,18.44,1561,16.7,3536,16.71,459
2021-09-30 09:54:59.453842-04:00,18.43,869,18.44,1561,16.71,1219,16.72,3130
2021-09-30 09:54:59.453842-04:00,18.43,869,18.44,1561,16.71,1219,16.72,3130
2021-09-30 09:55:08.651254-04:00,18.43,869,18.44,1561,16.71,1219,16.72,3130
2021-09-30 09:55:08.651254-04:00,18.43,869,18.44,1561,16.71,1219,16.72,3130
2021-09-30 09:55:08.651254-04:00,18.43,869,18.44,1561,16.71,1219,16.72,3130
2021-09-30 09:55:17.731974-04:00,18.43,869,18.44,1561,16.71,1219,16.72,3130
2021-09-30 09:55:17.731974-04:00,18.43,869,18.44,1561,16.71,1219,16.72,3130
2021-09-30 09:55:17.731974-04:00,18.42,1769,18.43,1195,16.71,1219,16.72,3130
2021-09-30 09:55:17.731974-04:00,18.42,1769,18.43,1195,16.71,110,16.72,3919
2021-09-30 09:55:17.731974-04:00,18.42,1769,18.43,1195,16.71,110,16.72,3919
2021-09-30 09:55:26.648145-04:00,18.42,1769,18.43,1195,16.71,1968,16.72,3890
2021-09-30 09:55:26.648145-04:00,18.42,1769,18.43,1195,16.71,1968,16.72,3890
2021-09-30 09:55:31.134144-04:00,18.43,752,18.44,1596,16.71,1968,16.72,3890
2021-09-30 09:55:31.137136-04:00,18.43,752,18.44,1596,16.71,1968,16.72,3890
2021-09-30 09:55:31.137136-04:00,18.43,752,18.44,1596,16.71,1968,16.72,3890
2021-09-30 09:55:31.137136-04:00,18.43,752,18.44,1596,16.71,1968,16.72,3890
2021-09-30 09:55:31.137136-04:00,18.43,854,18.44,876,16.71,1968,16.72,3890
2021-09-30 09:55:31.137136-04:00,18.43,854,18.44,876,16.71,379,16.72,2975
2021-09-30 09:55:38.526378-04:00,18.43,854,18.44,876,16.71,379,16.72,2975
2021-09-30 09:55:38.526378-04:00,18.43,854,18.44,876,16.71,379,16.72,2975
2021-09-30 09:55:46.667613-04:00,18.43,854,18.44,876,16.71,379,16.72,2975
2021-09-30 09:55:46.667613-04:00,18.43,844,18.44,764,16.71,379,16.72,2975
2021-09-30 09:55:46.667613-04:00,18.43,844,18.44,764,16.71,410,16.72,2716
2021-09-30 09:55:46.667613-04:00,18.43,844,18.44,764,16.71,410,16.72,2716
2021-09-30 09:55:46.667613-04:00,18.43,844,18.44,764,16.71,410,16.72,2716
2021-09-30 09:55:58.699444-04:00,18.44,335,18.45,2577,16.71,410,16.72,2716
2021-09-30 09:55:58.699444-04:00,18.44,335,18.45,2577,16.71,2803,16.72,2551
2021-09-30 09:56:05.470340-04:00,18.44,335,18.45,2577,16.71,2803,16.72,2551
2021-09-30 09:56:05.470340-04:00,18.44,335,18.45,2577,16.71,2803,16.72,2551
2021-09-30 09:56:05.470340-04:00,18.44,863,18.45,1106,16.71,2803,16.72,2551
2021-09-30 09:56:05.470340-04:00,18.44,863,18.45,1106,16.71,3098,16.72,1916
2021-09-30 09:56:05.470340-04:00,18.44,863,18.45,1106,16.71,3098,16.72,1916
2021-09-30 09:56:13.445019-04:00,18.44,863,18.45,1106,16.71,3098,16.72,1916
2021-09-30 09:56:13.445019-04:00,18.44,1565,18.45,596,16.71,3098,16.72,1916
2021-09-30 09:56:18.524439-04:00,18.44,1565,18.45,596,16.71,3142,16.72,56
2021-09-30 09:56:18.524439-04:00,18.44,1565,18.45,596,16.71,3142,16.72,56
2021-09-30 09:56:18.524439-04:00,18.44,1565,18.45,596,16.71,3142,16.72,56
2021-09-30 09:56:18.524439-04:00,18.44,1565,18.45,596,16.71,3142,16.72,56
2021-09-30 09:56:28.550632-04:00,18.44,1565,18.45,596,16.72,62,16.73,4509
2021-09-30 09:56:28.551630-04:00,18.44,1565,18.45,596,16.72,62,16.73,4509
2021-09-30 09:56:28.551630-04:00,18.44,1070,18.45,1140,16.72,62,16.73,4509
2021-09-30 09:56:28.551630-04:00,18.44,1070,18.45,1140,16.72,62,16.73,4509
2021-09-30 09:56:28.551630-04:00,18.44,1070,18.45,1140,16.72,62,16.73,4509
2021-09-30 09:56:38.576827-04:00,18.44,1070,18.45,1140,16.72,12,16.73,3559
2021-09-30 09:56:38.576827-04:00,18.44,612,18.45,1268,16.72,12,16.73,3559
2021-09-30 09:56:38.576827-04:00,18.44,612,18.45,1268,16.72,12,16.73,3559
2021-09-30 09:56:38.576827-04:00,18.44,612,18.45,1268,16.72,12,16.73,3559
2021-09-30 09:56:51.619956-04:00,18.44,1690,18.45,840,16.72,15,16.73,3629
2021-09-30 09:56:51.619956-04:00,18.44,1690,18.45,840,16.72,15,16.73,3629
2021-09-30 09:56:51.619956-04:00,18.44,1690,18.45,840,16.72,15,16.73,3629
2021-09-30 09:56:51.619956-04:00,18.44,1690,18.45,840,16.72,15,16.73,3629
2021-09-30 09:56:51.619956-04:00,18.44,1690,18.45,840,16.72,17,16.73,3521
2021-09-30 09:56:58.690054-04:00,18.44,1690,18.45,840,16.72,17,16.73,3521
2021-09-30 09:56:58.690054-04:00,18.44,868,18.45,1152,16.72,17,16.73,3521
2021-09-30 09:56:59.442043-04:00,18.44,868,18.45,1152,16.72,17,16.73,3521
2021-09-30 09:56:59.442043-04:00,18.44,868,18.45,1152,16.72,17,16.73,3521
2021-09-30 09:56:59.442043-04:00,18.44,868,18.45,1152,16.72,17,16.73,3521
2021-09-30 09:56:59.442043-04:00,18.44,868,18.45,1152,16.72,389,16.73,3631
2021-09-30 09:57:08.475890-04:00,18.44,2142,18.45,566,16.72,389,16.73,3631
2021-09-30 09:57:08.475890-04:00,18.44,2142,18.45,566,16.72,389,16.73,3631
2021-09-30 09:57:18.498093-04:00,18.44,2142,18.45,566,16.72,389,16.73,3631
2021-09-30 09:57:18.498093-04:00,18.44,2142,18.45,566,16.72,1391,16.73,3346
2021-09-30 09:57:18.498093-04:00,18.44,2287,18.45,301,16.72,1391,16.73,3346
2021-09-30 09:57:18.498093-04:00,18.44,2287,18.45,301,16.72,1391,16.73,3346
2021-09-30 09:57:18.498093-04:00,18.44,2287,18.45,301,16.72,30,16.73,3809
2021-09-30 09:57:31.787564-04:00,18.44,386,18.45,804,16.72,30,16.73,3809
2021-09-30 09:57:31.787564-04:00,18.44,386,18.45,804,16.72,30,16.73,3809
2021-09-30 09:57:31.787564-04:00,18.44,386,18.45,804,16.72,30,16.73,3809
2021-09-30 09:57:31.787564-04:00,18.44,386,18.45,804,16.72,30,16.73,3809
2021-09-30 09:57:35.548507-04:00,18.44,386,18.45,804,16.72,30,16.73,3809
2021-09-30 09:57:35.548507-04:00,18.44,386,18.45,804,16.71,2581,16.72,2838
2021-09-30 09:57:35.548507-04:00,18.43,1654,18.44,627,16.71,2581,16.72,2838
2021-09-30 09:57:35.548507-04:00,18.43,1654,18.44,627,16.71,2581,16.72,2838
2021-09-30 09:57:35.548507-04:00,18.43,1654,18.44,627,16.71,2581,16.72,2838
2021-09-30 09:57:35.548507-04:00,18.43,1654,18.44,627,16.71,2581,16.72,2838
2021-09-30 09:57:35.548507-04:00,18.43,1654,18.44,627,16.71,3288,16.72,242
2021-09-30 09:57:47.645166-04:00,18.43,1654,18.44,627,16.71,3288,16.72,242
2021-09-30 09:57:47.645166-04:00,18.44,1291,18.45,982,16.71,3288,16.72,242
2021-09-30 09:57:49.689699-04:00,18.44,1291,18.45,982,16.71,3288,16.72,242
2021-09-30 09:57:49.689699-04:00,18.44,1291,18.45,982,16.71,3288,16.72,242
2021-09-30 09:57:49.689699-04:00,18.44,1291,18.45,982,16.71,3288,16.72,242
2021-09-30 09:57:49.689699-04:00,18.44,851,18.45,1101,16.71,3288,16.72,242
2021-09-30 09:57:49.689699-04:00,18.44,851,18.45,1101,16.71,3149,16.72,99
2021-09-30 09:57:58.617829-04:00,18.44,851,18.45,1101,16.71,3149,16.72,99
2021-09-30 09:57:58.617829-04:00,18.44,851,18.45,1101,16.71,3149,16.72,99
2021-09-30 09:57:58.617829-04:00,18.44,851,18.45,1101,16.71,3149,16.72,99
2021-09-30 09:57:58.617829-04:00,18.44,851,18.45,1101,16.71,3149,16.72,99
2021-09-30 09:58:07.604802-04:00,18.44,851,18.45,1101,16.71,3149,16.72,99
2021-09-30 09:58:07.604802-04:00,18.44,1054,18.45,897,16.71,3388,16.72,160
2021-09-30 09:58:07.604802-04:00,18.44,1054,18.45,897,16.71,3388,16.72,160
2021-09-30 09:58:07.604802-04:00,18.44,1054,18.45,897,16.71,3388,16.72,160
2021-09-30 09:58:07.604802-04:00,18.44,1153,18.45,872,16.71,3388,16.72,160
2021-09-30 09:58:18.633315-04:00,18.44,1153,18.45,872,16.71,3388,16.72,160
2021-09-30 09:58:18.633315-04:00,18.44,1153,18.45,872,16.72,662,16.73,3686
2021-09-30 09:58:18.633315-04:00,18.44,1153,18.45,872,16.72,662,16.73,3686
2021-09-30 09:58:18.633315-04:00,18.44,1153,18.45,872,16.72,662,16.73,3686
2021-09-30 09:58:18.633315-04:00,18.44,194,18.45,2266,16.72,662,16.73,3686
2021-09-30 09:58:18.633315-04:00,18.44,194,18.45,2266,16.72,662,16.73,3686
2021-09-30 09:58:28.594684-04:00,18.44,194,18.45,2266,16.72,662,16.73,3686
2021-09-30 09:58:28.594684-04:00,18.44,194,18.45,2266,16.72,6,16.73,4362
2021-09-30 09:58:28.594684-04:00,18.44,194,18.45,2266,16.72,6,16.73,4362
2021-09-30 09:58:38.914126-04:00,18.43,1549,18.44,1420,16.72,24,16.72,252
2021-09-30 09:58:38.914126-04:00,18.43,1549,18.44,1420,16.72,24,16.72,252
2021-09-30 09:58:38.914126-04:00,18.43,1549,18.44,1420,16.72,24,16.72,252
2021-09-30 09:58:38.914126-04:00,18.43,1549,18.44,1420,16.72,24,16.72,252
2021-09-30 09:58:46.518791-04:00,18.43,1549,18.44,1420,16.72,24,16.72,252
2021-09-30 09:58:46.518791-04:00,18.44,2743,18.45,225,16.72,24,16.72,252
2021-09-30 09:58:46.518791-04:00,18.44,2743,18.45,225,16.72,1797,16.73,3341
2021-09-30 09:58:46.518791-04:00,18.44,2743,18.45,225,16.72,1797,16.73,3341
2021-09-30 09:58:46.518791-04:00,18.44,1351,18.45,691,16.72,1797,16.73,3341
2021-09-30 09:58:46.518791-04:00,18.44,1351,18.45,691,16.72,1797,16.73,3341
2021-09-30 09:58:58.562594-04:00,18.44,1351,18.45,691,16.72,1797,16.73,3341
2021-09-30 09:58:58.562594-04:00,18.44,1351,18.45,691,16.72,218,16.73,3758
2021-09-30 09:58:58.562594-04:00,18.44,1156,18.45,1383,16.72,218,16.73,3758
2021-09-30 09:58:58.562594-04:00,18.44,1156,18.45,1383,16.72,218,16.73,3758
2021-09-30 09:59:08.550886-04:00,18.44,1156,18.45,1383,16.72,218,16.73,3758
2021-09-30 09:59:08.550886-04:00,18.44,1156,18.45,1383,16.72,428,16.73,3513
2021-09-30 09:59:08.550886-04:00,18.44,1156,18.45,1383,16.72,428,16.73,3513
2021-09-30 09:59:08.550886-04:00,18.44,1156,18.45,1383,16.72,428,16.73,3513
2021-09-30 09:59:08.550886-04:00,18.44,1156,18.45,1383,16.72,428,16.73,3513
2021-09-30 09:59:08.550886-04:00,18.44,649,18.45,1071,16.72,428,16.73,3513
2021-09-30 09:59:19.349040-04:00,18.44,649,18.45,1071,16.72,428,16.73,3513
2021-09-30 09:59:19.349040-04:00,18.44,649,18.45,1071,16.71,3094,16.72,3
2021-09-30 09:59:21.614999-04:00,18.44,649,18.45,1071,16.71,3094,16.72,3
2021-09-30 09:59:21.614999-04:00,18.44,2555,18.45,315,16.71,3094,16.72,3
2021-09-30 09:59:21.614999-04:00,18.44,2555,18.45,315,16.71,3094,16.72,3
2021-09-30 09:59:26.630588-04:00,18.44,2555,18.45,315,16.71,3094,16.72,3
2021-09-30 09:59:26.630588-04:00,18.44,2555,18.45,315,16.72,1426,16.73,3830
2021-09-30 09:59:26.630588-04:00,18.44,2555,18.45,315,16.72,1426,16.73,3830
2021-09-30 09:59:26.630588-04:00,18.44,2555,18.45,315,16.72,1426,16.73,3830
2021-09-30 09:59:34.653192-04:00,18.44,2555,18.45,315,16.72,1426,16.73,3830
2021-09-30 09:59:34.653192-04:00,18.44,2555,18.45,315,16.72,1007,16.73,3998
2021-09-30 09:59:34.653192-04:00,18.44,1727,18.45,545,16.72,1007,16.73,3998
2021-09-30 09:59:38.663416-04:00,18.44,1727,18.45,545,16.72,1007,16.73,3998
2021-09-30 09:59:38.663416-04:00,18.44,1727,18.45,545,16.72,1007,16.73,3998
2021-09-30 09:59:38.663416-04:00,18.44,1727,18.45,545,16.72,1007,16.73,3998
2021-09-30 09:59:38.663416-04:00,18.44,585,18.45,1074,16.72,1007,16.73,3998
2021-09-30 09:59:38.663416-04:00,18.44,585,18.45,1074,16.72,1007,16.73,3998
2021-09-30 09:59:38.663416-04:00,18.44,585,18.45,1074,16.72,55,16.73,3893
2021-09-30 09:59:48.441275-04:00,18.44,585,18.45,1074,16.72,55,16.73,3893
2021-09-30 09:59:48.441275-04:00,18.44,585,18.45,1074,16.72,55,16.73,3893
2021-09-30 09:59:48.441275-04:00,18.44,585,18.45,1074,16.72,55,16.73,3893
2021-09-30 09:59:48.441275-04:00,18.44,1386,18.45,152,16.72,55,16.73,3893
2021-09-30 09:59:48.441275-04:00,18.44,1386,18.45,152,16.72,55,16.73,3893
2021-09-30 09:59:59.399977-04:00,18.44,1386,18.45,152,16.72,1174,16.73,3389
2021-09-30 09:59:59.399977-04:00,18.44,1386,18.45,152,16.72,1174,16.73,3389
2021-09-30 09:59:59.399977-04:00,18.44,1386,18.45,152,16.72,1174,16.73,3389
2021-09-30 10:00:05.634308-04:00,18.44,1386,18.45,152,16.72,1174,16.73,3389
2021-09-30 10:00:05.634308-04:00,18.44,1386,18.45,152,16.72,1178,16.73,2772
2021-09-30 10:00:07.640943-04:00,18.44,1386,18.45,152,16.72,1178,16.73,2772
2021-09-30 10:00:07.640943-04:00,18.44,1900,18.45,192,16.72,1178,16.73,2772
2021-09-30 10:00:07.640943-04:00,18.44,1900,18.45,192,16.72,1178,16.73,2772
2021-09-30 10:00:07.640943-04:00,18.44,1900,18.45,192,16.72,1178,16.73,2772
2021-09-30 10:00:07.640943-04:00,18.45,1822,18.46,780,16.72,1178,16.73,2772
2021-09-30 10:00:07.640943-04:00,18.45,1822,18.46,780,16.72,1178,16.73,2772
2021-09-30 10:00:18.676442-04:00,18.45,1822,18.46,780,16.72,1952,16.73,1069
2021-09-30 10:00:18.676442-04:00,18.45,1822,18.46,780,16.72,1952,16.73,1069
2021-09-30 10:00:26.160428-04:00,18.45,1822,18.46,780,16.72,1952,16.73,1069
2021-09-30 10:00:26.160428-04:00,18.45,1822,18.46,780,16.72,1952,16.73,1069
2021-09-30 10:00:26.160428-04:00,18.45,1822,18.46,780,16.72,1952,16.73,1069
2021-09-30 10:00:26.160428-04:00,18.45,936,18.46,329,16.72,1952,16.73,1069
2021-09-30 10:00:26.160428-04:00,18.45,936,18.46,329,16.72,1942,16.73,2232
2021-09-30 10:00:26.160428-04:00,18.45,936,18.46,329,16.72,1942,16.73,2232
2021-09-30 10:00:39.668315-04:00,18.45,1688,18.46,535,16.72,1997,16.73,2234
2021-09-30 10:00:39.668315-04:00,18.45,1688,18.46,535,16.72,1997,16.73,2234
2021-09-30 10:00:39.668315-04:00,18.46,904,18.47,1206,16.72,1997,16.73,2234
2021-09-30 10:00:39.668315-04:00,18.46,904,18.47,1206,16.72,1997,16.73,2234
2021-09-30 10:00:48.681217-04:00,18.46,904,18.47,1206,16.72,2642,16.73,1403
2021-09-30 10:00:48.681217-04:00,18.46,904,18.47,1206,16.72,2642,16.73,1403
2021-09-30 10:00:48.681217-04:00,18.46,904,18.47,1206,16.72,2642,16.73,1403
2021-09-30 10:00:48.681217-04:00,18.46,904,18.47,1206,16.72,2642,16.73,1403
2021-09-30 10:00:48.681217-04:00,18.45,1263,18.46,562,16.72,2642,16.73,1403
2021-09-30 10:00:58.696443-04:00,18.45,1263,18.46,562,16.72,2642,16.73,1403
2021-09-30 10:00:58.696443-04:00,18.45,1263,18.46,562,16.72,2030,16.73,2093
2021-09-30 10:01:06.470656-04:00,18.45,1263,18.46,562,16.72,2030,16.73,2093
2021-09-30 10:01:06.470656-04:00,18.46,1484,18.47,483,16.72,2030,16.73,2093
2021-09-30 10:01:06.470656-04:00,18.46,1484,18.47,483,16.72,2030,16.73,2093
2021-09-30 10:01:08.514191-04:00,18.46,1484,18.47,483,16.72,2030,16.73,2093
2021-09-30 10:01:08.514191-04:00,18.46,1484,18.47,483,16.72,2851,16.73,282
2021-09-30 10:01:08.514191-04:00,18.46,1484,18.47,483,16.72,2851,16.73,282
2021-09-30 10:01:08.514191-04:00,18.46,1484,18.47,483,16.72,2851,16.73,282
2021-09-30 10:01:08.514191-04:00,18.46,1484,18.47,483,16.72,2851,16.73,282
2021-09-30 10:01:19.792040-04:00,18.46,1484,18.47,483,16.72,2851,16.73,282
2021-09-30 10:01:19.792040-04:00,18.47,235,18.48,764,16.72,2851,16.73,282
2021-09-30 10:01:19.792040-04:00,18.47,235,18.48,764,16.73,2000,16.74,3891
2021-09-30 10:01:19.792040-04:00,18.47,235,18.48,764,16.73,2000,16.74,3891
2021-09-30 10:01:19.792040-04:00,18.47,235,18.48,764,16.73,2000,16.74,3891
2021-09-30 10:01:19.792040-04:00,18.47,235,18.48,764,16.73,2000,16.74,3891
2021-09-30 10:01:19.792040-04:00,18.48,450,18.49,2118,16.73,2000,16.74,3891
2021-09-30 10:01:28.567578-04:00,18.48,450,18.49,2118,16.73,2000,16.74,3891
2021-09-30 10:01:28.567578-04:00,18.48,450,18.49,2118,16.73,2642,16.74,2973
2021-09-30 10:01:33.582170-04:00,18.48,450,18.49,2118,16.73,2642,16.74,2973
2021-09-30 10:01:33.582170-04:00,18.48,450,18.49,2118,16.73,2642,16.74,2973
2021-09-30 10:01:37.594442-04:00,18.48,450,18.49,2118,16.73,2642,16.74,2973
2021-09-30 10:01:37.594442-04:00,18.48,353,18.49,1733,16.73,2642,16.74,2973
2021-09-30 10:01:37.594442-04:00,18.48,353,18.49,1733,16.73,2514,16.74,2851
2021-09-30 10:01:37.594442-04:00,18.48,353,18.49,1733,16.73,2514,16.74,2851
2021-09-30 10:01:37.594442-04:00,18.48,353,18.49,1733,16.73,2514,16.74,2851
2021-09-30 10:01:37.594442-04:00,18.48,353,18.49,1733,16.73,2514,16.74,2851
2021-09-30 10:01:37.594442-04:00,18.47,553,18.48,2086,16.73,2514,16.74,2851
2021-09-30 10:01:48.618967-04:00,18.47,553,18.48,2086,16.73,2514,16.74,2851
2021-09-30 10:01:48.618967-04:00,18.47,553,18.48,2086,16.73,2172,16.74,3641
2021-09-30 10:01:48.618967-04:00,18.47,553,18.48,2086,16.73,2172,16.74,3641
2021-09-30 10:01:48.618967-04:00,18.47,553,18.48,2086,16.73,2172,16.74,3641
2021-09-30 10:01:48.618967-04:00,18.47,553,18.48,2086,16.73,2172,16.74,3641
2021-09-30 10:01:48.618967-04:00,18.47,553,18.48,2086,16.73,2177,16.74,3500
2021-09-30 10:02:00.096283-04:00,18.47,307,18.48,1694,16.73,2177,16.74,3500
2021-09-30 10:02:03.510153-04:00,18.47,307,18.48,1694,16.73,2177,16.74,3500
2021-09-30 10:02:03.510153-04:00,18.47,307,18.48,1694,16.73,2177,16.74,3500
2021-09-30 10:02:03.510153-04:00,18.47,307,18.48,1694,16.73,2177,16.74,3500
2021-09-30 10:02:03.510153-04:00,18.47,307,18.48,1694,16.73,2177,16.74,3500
2021-09-30 10:02:03.510153-04:00,18.45,893,18.46,1022,16.73,2177,16.74,3500
2021-09-30 10:02:08.652407-04:00,18.45,893,18.46,1022,16.73,2177,16.74,3500
2021-09-30 10:02:08.652407-04:00,18.45,893,18.46,1022,16.72,2690,16.73,3551
2021-09-30 10:02:08.652407-04:00,18.45,893,18.46,1022,16.72,2690,16.73,3551
2021-09-30 10:02:08.652407-04:00,18.45,893,18.46,1022,16.72,2690,16.73,3551
2021-09-30 10:02:08.652407-04:00,18.45,893,18.46,1022,16.72,2690,16.73,3551
2021-09-30 10:02:08.652407-04:00,18.45,24,18.46,2410,16.72,2690,16.73,3551
2021-09-30 10:02:18.680805-04:00,18.45,24,18.46,2410,16.72,1799,16.73,4413
2021-09-30 10:02:18.680805-04:00,18.45,24,18.46,2410,16.72,1799,16.73,4413
2021-09-30 10:02:18.680805-04:00,18.45,24,18.46,2410,16.72,1799,16.73,4413
2021-09-30 10:02:27.556110-04:00,18.45,24,18.46,2410,16.72,1799,16.73,4413
2021-09-30 10:02:27.556110-04:00,18.45,24,18.46,2410,16.72,1799,16.73,4413
2021-09-30 10:02:27.556110-04:00,18.43,1182,18.44,824,16.72,1799,16.73,4413
2021-09-30 10:02:27.557108-04:00,18.43,1182,18.44,824,16.72,1799,16.73,4413
2021-09-30 10:02:27.557108-04:00,18.43,1182,18.44,824,16.71,2760,16.72,2626
2021-09-30 10:02:33.434397-04:00,18.43,1182,18.44,824,16.71,2760,16.72,2626
2021-09-30 10:02:33.434397-04:00,18.43,1182,18.44,824,16.71,2760,16.72,2626
2021-09-30 10:02:40.434680-04:00,18.43,1878,18.44,815,16.71,3110,16.72,2690
2021-09-30 10:02:40.434680-04:00,18.43,1878,18.44,815,16.71,3110,16.72,2690
2021-09-30 10:02:45.540419-04:00,18.43,1878,18.44,815,16.71,3110,16.72,2690
2021-09-30 10:02:45.540419-04:00,18.43,1878,18.44,815,16.71,3110,16.72,2690
2021-09-30 10:02:45.540419-04:00,18.43,1878,18.44,815,16.71,3110,16.72,2690
2021-09-30 10:02:45.540419-04:00,18.42,446,18.43,2372,16.71,3110,16.72,2690
2021-09-30 10:02:48.548985-04:00,18.42,446,18.43,2372,16.71,591,16.72,3611
2021-09-30 10:02:48.548985-04:00,18.42,446,18.43,2372,16.71,591,16.72,3611
2021-09-30 10:02:48.548985-04:00,18.42,446,18.43,2372,16.71,591,16.72,3611
2021-09-30 10:02:48.548985-04:00,18.42,446,18.43,2372,16.71,591,16.72,3611
2021-09-30 10:02:48.548985-04:00,18.42,527,18.43,2150,16.71,591,16.72,3611
2021-09-30 10:02:58.450513-04:00,18.42,527,18.43,2150,16.71,591,16.72,3611
2021-09-30 10:02:58.450513-04:00,18.42,527,18.43,2150,16.7,4200,16.71,143
2021-09-30 10:03:03.465132-04:00,18.42,527,18.43,2150,16.7,4200,16.71,143
2021-09-30 10:03:03.465132-04:00,18.42,527,18.43,2150,16.7,4200,16.71,143
2021-09-30 10:03:07.197127-04:00,18.42,527,18.43,2150,16.7,4200,16.71,143
2021-09-30 10:03:07.197127-04:00,18.41,1148,18.42,328,16.7,3284,16.71,543
2021-09-30 10:03:07.197127-04:00,18.41,1148,18.42,328,16.7,3284,16.71,543
2021-09-30 10:03:20.567433-04:00,18.42,490,18.43,2097,16.7,3284,16.71,543
2021-09-30 10:03:20.567433-04:00,18.42,490,18.43,2097,16.7,3471,16.71,131
2021-09-30 10:03:20.567433-04:00,18.42,1422,18.43,1358,16.7,3471,16.71,131
2021-09-30 10:03:28.602946-04:00,18.42,1422,18.43,1358,16.7,3471,16.71,131
2021-09-30 10:03:28.602946-04:00,18.42,1422,18.43,1358,16.7,4250,16.71,69
2021-09-30 10:03:29.605265-04:00,18.42,1422,18.43,1358,16.7,4250,16.71,69
2021-09-30 10:03:29.605265-04:00,18.42,1422,18.43,1358,16.7,4250,16.71,69
2021-09-30 10:03:34.464276-04:00,18.42,1422,18.43,1358,16.7,4250,16.71,69
2021-09-30 10:03:34.464276-04:00,18.42,415,18.43,1890,16.7,4250,16.71,69
2021-09-30 10:03:34.464276-04:00,18.42,415,18.43,1890,16.7,3470,16.71,157
2021-09-30 10:03:34.464276-04:00,18.42,415,18.43,1890,16.7,3470,16.71,157
2021-09-30 10:03:34.464276-04:00,18.42,415,18.43,1890,16.7,3470,16.71,157
2021-09-30 10:03:34.464276-04:00,18.42,415,18.43,1890,16.7,3470,16.71,157
2021-09-30 10:03:47.509396-04:00,18.42,415,18.43,1890,16.7,3470,16.71,157
2021-09-30 10:03:47.509396-04:00,18.42,934,18.43,1439,16.7,3470,16.71,157
2021-09-30 10:03:47.509396-04:00,18.42,934,18.43,1439,16.7,3471,16.71,72
2021-09-30 10:03:47.509396-04:00,18.43,1008,18.44,1746,16.7,3471,16.71,72
2021-09-30 10:04:00.881646-04:00,18.43,1008,18.44,1746,16.71,2150,16.72,3087
2021-09-30 10:04:00.881646-04:00,18.43,1008,18.44,1746,16.71,2150,16.72,3087
2021-09-30 10:04:03.642264-04:00,18.43,1008,18.44,1746,16.71,2150,16.72,3087
2021-09-30 10:04:03.642264-04:00,18.43,531,18.44,1475,16.71,2150,16.72,3087
2021-09-30 10:04:03.642264-04:00,18.43,531,18.44,1475,16.71,2412,16.72,3358
2021-09-30 10:04:08.642896-04:00,18.43,531,18.44,1475,16.71,2412,16.72,3358
2021-09-30 10:04:08.642896-04:00,18.43,531,18.44,1475,16.71,2412,16.72,3358
2021-09-30 10:04:16.412123-04:00,18.43,531,18.44,1475,16.71,2412,16.72,3358
2021-09-30 10:04:16.412123-04:00,18.41,759,18.42,1253,16.71,2412,16.72,3358
2021-09-30 10:04:16.412123-04:00,18.41,759,18.42,1253,16.71,2412,16.72,3358
2021-09-30 10:04:16.412123-04:00,18.41,759,18.42,1253,16.7,2926,16.71,3452
2021-09-30 10:04:18.669089-04:00,18.41,759,18.42,1253,16.7,2926,16.71,3452
2021-09-30 10:04:27.802654-04:00,18.41,759,18.42,1253,16.7,2926,16.71,3452
2021-09-30 10:04:27.802654-04:00,18.41,759,18.42,1253,16.7,2926,16.71,3452
2021-09-30 10:04:27.802654-04:00,18.41,594,18.42,1438,16.7,2926,16.71,3452
2021-09-30 10:04:27.802654-04:00,18.41,594,18.42,1438,16.7,2970,16.71,3523
2021-09-30 10:04:27.802654-04:00,18.41,594,18.42,1438,16.7,2970,16.71,3523
2021-09-30 10:04:33.450554-04:00,18.41,594,18.42,1438,16.7,2970,16.71,3523
2021-09-30 10:04:34.452874-04:00,18.41,594,18.42,1438,16.7,2970,16.71,3523
2021-09-30 10:04:34.452874-04:00,18.41,598,18.42,1414,16.7,2970,16.71,3523
2021-09-30 10:04:34.452874-04:00,18.41,598,18.42,1414,16.7,2988,16.71,3522
2021-09-30 10:04:42.558205-04:00,18.41,598,18.42,1414,16.7,2988,16.71,3522
2021-09-30 10:04:42.558205-04:00,18.41,958,18.42,1884,16.7,2988,16.71,3522
2021-09-30 10:04:42.558205-04:00,18.41,958,18.42,1884,16.7,2988,16.71,3522
2021-09-30 10:04:42.558205-04:00,18.41,958,18.42,1884,16.7,3000,16.71,3474
2021-09-30 10:04:42.558205-04:00,18.41,958,18.42,1884,16.7,3000,16.71,3474
2021-09-30 10:04:42.558205-04:00,18.41,1011,18.42,820,16.7,3000,16.71,3474
2021-09-30 10:04:42.558205-04:00,18.41,1011,18.42,820,16.7,3000,16.71,3474
2021-09-30 10:04:58.528506-04:00,18.41,1011,18.42,820,16.7,3000,16.71,3474
2021-09-30 10:04:58.528506-04:00,18.41,1011,18.42,820,16.7,3005,16.71,3474
2021-09-30 10:04:58.528506-04:00,18.41,1011,18.42,820,16.7,3005,16.71,3474
2021-09-30 10:05:03.542101-04:00,18.41,1011,18.42,820,16.7,3005,16.71,3474
2021-09-30 10:05:03.542101-04:00,18.41,1011,18.42,820,16.7,3006,16.71,3318
2021-09-30 10:05:03.542101-04:00,18.41,1194,18.42,538,16.7,3006,16.71,3318
2021-09-30 10:05:08.696320-04:00,18.41,1194,18.42,538,16.7,3006,16.71,3318
2021-09-30 10:05:08.696320-04:00,18.41,1194,18.42,538,16.7,3006,16.71,3318
2021-09-30 10:05:08.696320-04:00,18.41,1194,18.42,538,16.7,3006,16.71,3318
2021-09-30 10:05:08.696320-04:00,18.41,1194,18.42,538,16.7,3006,16.71,3318
2021-09-30 10:05:08.696320-04:00,18.43,359,18.44,2027,16.7,3006,16.71,3318
2021-09-30 10:05:08.696320-04:00,18.43,359,18.44,2027,16.7,3006,16.71,3318
2021-09-30 10:05:21.385440-04:00,18.43,359,18.44,2027,16.7,3006,16.71,3318
2021-09-30 10:05:21.385440-04:00,18.43,359,18.44,2027,16.71,1849,16.72,4104
2021-09-30 10:05:27.461196-04:00,18.43,359,18.44,2027,16.71,1849,16.72,4104
2021-09-30 10:05:27.461196-04:00,18.43,405,18.44,885,16.71,1849,16.72,4104
2021-09-30 10:05:27.461196-04:00,18.43,405,18.44,885,16.71,2275,16.72,3069
2021-09-30 10:05:27.461196-04:00,18.43,405,18.44,885,16.71,2275,16.72,3069
2021-09-30 10:05:27.461196-04:00,18.43,405,18.44,885,16.71,2275,16.72,3069
2021-09-30 10:05:27.461196-04:00,18.43,1303,18.44,1457,16.71,2275,16.72,3069
2021-09-30 10:05:27.461196-04:00,18.43,1303,18.44,1457,16.71,2275,16.72,3069
2021-09-30 10:05:38.478736-04:00,18.43,1303,18.44,1457,16.71,2275,16.72,3069
2021-09-30 10:05:38.478736-04:00,18.43,1303,18.44,1457,16.71,2868,16.72,3598
2021-09-30 10:05:38.478736-04:00,18.43,1303,18.44,1457,16.71,2868,16.72,3598
2021-09-30 10:05:38.478736-04:00,18.43,659,18.44,701,16.71,2868,16.72,3598
2021-09-30 10:05:38.478736-04:00,18.43,659,18.44,701,16.71,2868,16.72,3598
2021-09-30 10:05:48.587710-04:00,18.43,659,18.44,701,16.71,2868,16.72,3598
2021-09-30 10:05:48.587710-04:00,18.43,659,18.44,701,16.71,2887,16.72,3181
2021-09-30 10:05:48.587710-04:00,18.43,2264,18.44,27,16.71,2887,16.72,3181
2021-09-30 10:05:48.587710-04:00,18.43,2264,18.44,27,16.71,2887,16.72,3181
2021-09-30 10:06:01.660802-04:00,18.43,2264,18.44,27,16.71,3558,16.72,3092
2021-09-30 10:06:01.660802-04:00,18.43,2264,18.44,27,16.71,3558,16.72,3092
2021-09-30 10:06:01.660802-04:00,18.43,2264,18.44,27,16.71,3558,16.72,3092
2021-09-30 10:06:07.638818-04:00,18.43,2264,18.44,27,16.71,3558,16.72,3092
2021-09-30 10:06:07.638818-04:00,18.42,2180,18.43,352,16.71,3558,16.72,3092
2021-09-30 10:06:07.638818-04:00,18.42,2180,18.43,352,16.71,3558,16.72,3092
2021-09-30 10:06:07.638818-04:00,18.42,2180,18.43,352,16.71,2090,16.72,3636
2021-09-30 10:06:07.638818-04:00,18.42,2180,18.43,352,16.71,2090,16.72,3636
2021-09-30 10:06:15.082916-04:00,18.42,2180,18.43,352,16.71,2090,16.72,3636
2021-09-30 10:06:15.082916-04:00,18.42,2180,18.43,352,16.71,2090,16.72,3636
2021-09-30 10:06:15.082916-04:00,18.42,2180,18.43,352,16.71,1799,16.72,3907
2021-09-30 10:06:15.082916-04:00,18.42,1676,18.43,600,16.71,1799,16.72,3907
2021-09-30 10:06:15.082916-04:00,18.42,1087,18.43,625,16.71,1799,16.72,3907
2021-09-30 10:06:15.082916-04:00,18.42,1087,18.43,625,16.71,1799,16.72,3907
2021-09-30 10:06:28.530961-04:00,18.42,1087,18.43,625,16.71,1799,16.72,3907
2021-09-30 10:06:28.530961-04:00,18.42,1087,18.43,625,16.71,855,16.72,3890
2021-09-30 10:06:28.530961-04:00,18.42,1087,18.43,625,16.71,855,16.72,3890
2021-09-30 10:06:28.530961-04:00,18.43,942,18.44,1248,16.71,2136,16.72,3094
2021-09-30 10:06:41.970030-04:00,18.43,942,18.44,1248,16.71,2136,16.72,3094
2021-09-30 10:06:41.970030-04:00,18.43,942,18.44,1248,16.71,2136,16.72,3094
2021-09-30 10:06:41.970030-04:00,18.43,942,18.44,1248,16.71,2136,16.72,3094
2021-09-30 10:06:45.496602-04:00,18.43,942,18.44,1248,16.71,2136,16.72,3094
2021-09-30 10:06:45.496602-04:00,18.43,942,18.44,1248,16.71,2136,16.72,3094
2021-09-30 10:06:45.496602-04:00,18.43,942,18.44,1248,16.71,3390,16.72,149
2021-09-30 10:06:45.496602-04:00,18.44,2089,18.45,262,16.71,3390,16.72,149
2021-09-30 10:06:45.496602-04:00,18.44,2089,18.45,262,16.71,3209,16.72,120
2021-09-30 10:06:55.452112-04:00,18.44,2089,18.45,262,16.71,3209,16.72,120
2021-09-30 10:06:55.452112-04:00,18.44,2089,18.45,262,16.71,3209,16.72,120
2021-09-30 10:06:55.452112-04:00,18.44,1658,18.45,493,16.71,3209,16.72,120
2021-09-30 10:06:55.452112-04:00,18.44,1658,18.45,493,16.71,3209,16.72,120
2021-09-30 10:06:55.452112-04:00,18.44,1658,18.45,493,16.71,3209,16.72,120
2021-09-30 10:06:55.452112-04:00,18.44,1658,18.45,493,16.71,3209,16.72,120
2021-09-30 10:06:55.452112-04:00,18.44,1658,18.45,493,16.72,2786,16.73,3266
2021-09-30 10:06:55.452112-04:00,18.46,1203,18.47,1167,16.72,2786,16.73,3266
2021-09-30 10:06:55.452112-04:00,18.46,1203,18.47,1167,16.72,2786,16.73,3266
2021-09-30 10:07:08.791448-04:00,18.46,1203,18.47,1167,16.72,2786,16.73,3266
2021-09-30 10:07:08.791448-04:00,18.46,1203,18.47,1167,16.72,2786,16.73,3266
2021-09-30 10:07:08.791448-04:00,18.46,1203,18.47,1167,16.72,2786,16.73,3266
2021-09-30 10:07:08.791448-04:00,18.46,1203,18.47,1167,16.72,2786,16.73,3266
2021-09-30 10:07:08.791448-04:00,18.46,1203,18.47,1167,16.72,2786,16.73,3266
2021-09-30 10:07:08.791448-04:00,18.46,1203,18.47,1167,16.72,2570,16.73,3506
2021-09-30 10:07:17.599982-04:00,18.46,1203,18.47,1167,16.72,2570,16.73,3506
2021-09-30 10:07:17.599982-04:00,18.45,1728,18.46,442,16.72,2570,16.73,3506
2021-09-30 10:07:17.599982-04:00,18.45,1728,18.46,442,16.72,2835,16.73,3489
2021-09-30 10:07:17.599982-04:00,18.45,1728,18.46,442,16.72,2835,16.73,3489
2021-09-30 10:07:26.572993-04:00,18.45,1728,18.46,442,16.72,2835,16.73,3489
2021-09-30 10:07:26.572993-04:00,18.45,1766,18.46,780,16.72,2835,16.73,3489
2021-09-30 10:07:26.572993-04:00,18.45,1766,18.46,780,16.72,2131,16.73,4122
2021-09-30 10:07:26.572993-04:00,18.45,384,18.46,2319,16.72,2131,16.73,4122
2021-09-30 10:07:26.572993-04:00,18.45,384,18.46,2319,16.72,2131,16.73,4122
2021-09-30 10:07:38.607817-04:00,18.45,384,18.46,2319,16.72,2131,16.73,4122
2021-09-30 10:07:38.607817-04:00,18.45,384,18.46,2319,16.72,2131,16.73,4122
2021-09-30 10:07:38.607817-04:00,18.45,384,18.46,2319,16.72,2131,16.73,4122
2021-09-30 10:07:38.607817-04:00,18.45,384,18.46,2319,16.72,2131,16.73,4122
2021-09-30 10:07:38.607817-04:00,18.45,384,18.46,2319,16.72,2997,16.73,3185
2021-09-30 10:07:38.607817-04:00,18.46,535,18.47,2597,16.72,2997,16.73,3185
2021-09-30 10:07:49.030963-04:00,18.46,535,18.47,2597,16.72,2997,16.73,3185
2021-09-30 10:07:49.030963-04:00,18.46,535,18.47,2597,16.72,2997,16.73,3185
2021-09-30 10:07:49.030963-04:00,18.46,535,18.47,2597,16.72,2997,16.73,3185
2021-09-30 10:07:58.684152-04:00,18.46,535,18.47,2597,16.72,2997,16.73,3185
2021-09-30 10:07:58.684152-04:00,18.46,535,18.47,2597,16.72,3272,16.73,3188
2021-09-30 10:07:58.684152-04:00,18.46,384,18.47,2745,16.72,3272,16.73,3188
2021-09-30 10:08:03.569611-04:00,18.46,384,18.47,2745,16.72,3272,16.73,3188
2021-09-30 10:08:03.569611-04:00,18.46,384,18.47,2745,16.72,3272,16.73,3188
2021-09-30 10:08:03.569611-04:00,18.46,384,18.47,2745,16.72,3091,16.73,3409
2021-09-30 10:08:03.569611-04:00,18.46,294,18.47,2454,16.72,3091,16.73,3409
2021-09-30 10:08:03.569611-04:00,18.46,294,18.47,2454,16.72,3091,16.73,3409
2021-09-30 10:08:18.624359-04:00,18.46,294,18.47,2454,16.72,3091,16.73,3409
2021-09-30 10:08:18.624359-04:00,18.46,294,18.47,2454,16.72,4397,16.73,69
2021-09-30 10:08:18.624359-04:00,18.46,294,18.47,2454,16.72,4397,16.73,69
2021-09-30 10:08:18.624359-04:00,18.47,306,18.48,2142,16.72,4397,16.73,69
2021-09-30 10:08:18.624359-04:00,18.47,306,18.48,2142,16.72,4397,16.73,69
2021-09-30 10:08:18.624359-04:00,18.47,306,18.48,2142,16.72,4397,16.73,69
2021-09-30 10:08:18.624359-04:00,18.47,306,18.48,2142,16.72,4397,16.73,69
2021-09-30 10:08:29.204086-04:00,18.47,306,18.48,2142,16.72,4397,16.73,69
2021-09-30 10:08:29.204086-04:00,18.47,306,18.48,2142,16.72,3313,16.73,2244
2021-09-30 10:08:29.204086-04:00,18.46,107,18.47,2550,16.72,3313,16.73,2244
2021-09-30 10:08:29.204086-04:00,18.46,107,18.47,2550,16.72,3313,16.73,2244
2021-09-30 10:08:29.204086-04:00,18.46,107,18.47,2550,16.72,3313,16.73,2244
2021-09-30 10:08:35.589999-04:00,18.46,107,18.47,2550,16.72,3313,16.73,2244
2021-09-30 10:08:35.589999-04:00,18.46,107,18.47,2550,16.72,3313,16.73,2244
2021-09-30 10:08:35.589999-04:00,18.46,107,18.47,2550,16.72,3313,16.73,2244
2021-09-30 10:08:35.589999-04:00,18.46,107,18.47,2550,16.72,2025,16.73,3912
2021-09-30 10:08:35.589999-04:00,18.44,1881,18.45,302,16.72,2025,16.73,3912
2021-09-30 10:08:35.589999-04:00,18.44,1881,18.45,302,16.71,5283,16.72,63
2021-09-30 10:08:48.691984-04:00,18.44,1881,18.45,302,16.71,5283,16.72,63
2021-09-30 10:08:48.691984-04:00,18.44,1764,18.45,241,16.71,5283,16.72,63
2021-09-30 10:08:48.691984-04:00,18.44,1764,18.45,241,16.71,5283,16.72,63
2021-09-30 10:08:57.639057-04:00,18.44,1764,18.45,241,16.71,5283,16.72,63
2021-09-30 10:08:57.639057-04:00,18.44,1764,18.45,241,16.71,5283,16.72,63
2021-09-30 10:08:57.639057-04:00,18.44,1764,18.45,241,16.72,2734,16.73,4151
2021-09-30 10:08:57.639057-04:00,18.44,2694,18.45,111,16.72,2734,16.73,4151
2021-09-30 10:09:09.353730-04:00,18.44,2694,18.45,111,16.72,2734,16.73,4151
2021-09-30 10:09:09.353730-04:00,18.44,2694,18.45,111,16.72,599,16.73,4173
2021-09-30 10:09:09.353730-04:00,18.44,2046,18.45,931,16.72,599,16.73,4173
2021-09-30 10:09:09.353730-04:00,18.44,2046,18.45,931,16.72,599,16.73,4173
2021-09-30 10:09:09.353730-04:00,18.44,2046,18.45,931,16.72,599,16.73,4173
2021-09-30 10:09:18.573081-04:00,18.44,2046,18.45,931,16.72,599,16.73,4173
2021-09-30 10:09:18.573081-04:00,18.43,1806,18.44,593,16.71,3148,16.72,3683
2021-09-30 10:09:18.573081-04:00,18.43,1806,18.44,593,16.71,3148,16.72,3683
2021-09-30 10:09:18.573081-04:00,18.43,1806,18.44,593,16.71,3148,16.72,3683
2021-09-30 10:09:18.573081-04:00,18.43,1806,18.44,593,16.71,3148,16.72,3683
2021-09-30 10:09:27.657792-04:00,18.43,1806,18.44,593,16.71,3148,16.72,3683
2021-09-30 10:09:27.657792-04:00,18.43,1806,18.44,593,16.71,3148,16.72,3683
2021-09-30 10:09:27.657792-04:00,18.43,1806,18.44,593,16.71,3928,16.72,3012
2021-09-30 10:09:27.657792-04:00,18.43,2115,18.44,632,16.71,3928,16.72,3012
2021-09-30 10:09:36.228877-04:00,18.43,2115,18.44,632,16.71,3678,16.72,3207
2021-09-30 10:09:36.228877-04:00,18.43,1998,18.44,340,16.71,3678,16.72,3207
2021-09-30 10:09:36.228877-04:00,18.43,1998,18.44,340,16.71,3678,16.72,3207
2021-09-30 10:09:36.228877-04:00,18.43,1998,18.44,340,16.71,3678,16.72,3207
2021-09-30 10:09:49.610101-04:00,18.43,1998,18.44,340,16.71,3678,16.72,3207
2021-09-30 10:09:49.610101-04:00,18.43,1533,18.44,1223,16.71,2912,16.72,3205
2021-09-30 10:09:49.610101-04:00,18.43,1533,18.44,1223,16.71,2912,16.72,3205
2021-09-30 10:09:49.610101-04:00,18.43,1533,18.44,1223,16.71,2915,16.72,3184
2021-09-30 10:09:58.559173-04:00,18.43,1533,18.44,1223,16.71,2915,16.72,3184
2021-09-30 10:09:58.559173-04:00,18.43,1822,18.44,726,16.71,2915,16.72,3184
2021-09-30 10:09:58.559173-04:00,18.43,1822,18.44,726,16.71,2915,16.72,3184
2021-09-30 10:10:07.545148-04:00,18.43,1822,18.44,726,16.71,2915,16.72,3184
2021-09-30 10:10:07.545148-04:00,18.43,1822,18.44,726,16.71,2915,16.72,3184
2021-09-30 10:10:07.545148-04:00,18.43,1822,18.44,726,16.71,3437,16.72,3037
2021-09-30 10:10:07.545148-04:00,18.43,2322,18.44,691,16.71,3437,16.72,3037
2021-09-30 10:10:07.545148-04:00,18.43,2322,18.44,691,16.71,3437,16.72,3037
2021-09-30 10:10:07.545148-04:00,18.43,2322,18.44,691,16.71,3437,16.72,3037
2021-09-30 10:10:18.483944-04:00,18.43,2322,18.44,691,16.71,3437,16.72,3037
2021-09-30 10:10:18.483944-04:00,18.43,279,18.44,1290,16.71,2850,16.72,3365
2021-09-30 10:10:18.483944-04:00,18.43,279,18.44,1290,16.71,2850,16.72,3365
2021-09-30 10:10:18.483944-04:00,18.43,279,18.44,1290,16.71,2850,16.72,3365
2021-09-30 10:10:29.802682-04:00,18.43,279,18.44,1290,16.71,2850,16.72,3365
2021-09-30 10:10:29.802682-04:00,18.43,279,18.44,1290,16.71,2850,16.72,3365
2021-09-30 10:10:29.802682-04:00,18.43,279,18.44,1290,16.71,2479,16.72,3417
2021-09-30 10:10:29.802682-04:00,18.43,326,18.44,1618,16.71,2479,16.72,3417
2021-09-30 10:10:37.651698-04:00,18.43,326,18.44,1618,16.71,2479,16.72,3417
2021-09-30 10:10:37.651698-04:00,18.43,326,18.44,1618,16.71,2496,16.72,3392
2021-09-30 10:10:37.651698-04:00,18.43,1382,18.44,1606,16.71,2496,16.72,3392
2021-09-30 10:10:37.651698-04:00,18.43,1382,18.44,1606,16.71,2496,16.72,3392
2021-09-30 10:10:48.453840-04:00,18.43,1382,18.44,1606,16.71,2495,16.72,3291
2021-09-30 10:10:48.453840-04:00,18.43,2861,18.44,611,16.71,2495,16.72,3291
2021-09-30 10:10:48.453840-04:00,18.43,2861,18.44,611,16.71,2495,16.72,3291
2021-09-30 10:10:48.453840-04:00,18.43,2861,18.44,611,16.71,2495,16.72,3291
2021-09-30 10:10:58.681472-04:00,18.43,2861,18.44,611,16.71,2495,16.72,3291
2021-09-30 10:10:58.681472-04:00,18.43,2861,18.44,611,16.71,2557,16.72,3257
2021-09-30 10:10:58.681472-04:00,18.43,2384,18.44,877,16.71,2557,16.72,3257
2021-09-30 10:10:58.681472-04:00,18.43,2384,18.44,877,16.71,2557,16.72,3257
2021-09-30 10:10:58.681472-04:00,18.43,2384,18.44,877,16.71,2557,16.72,3257
2021-09-30 10:10:58.681472-04:00,18.43,2384,18.44,877,16.71,2557,16.72,3257
2021-09-30 10:11:06.452695-04:00,18.43,2384,18.44,877,16.71,2557,16.72,3257
2021-09-30 10:11:06.452695-04:00,18.43,2384,18.44,877,16.71,2578,16.72,3393
2021-09-30 10:11:06.452695-04:00,18.43,2122,18.44,642,16.71,2578,16.72,3393
2021-09-30 10:11:06.452695-04:00,18.43,2122,18.44,642,16.71,2578,16.72,3393
2021-09-30 10:11:06.452695-04:00,18.43,2122,18.44,642,16.71,2578,16.72,3393
2021-09-30 10:11:06.452695-04:00,18.43,2122,18.44,642,16.71,2578,16.72,3393
2021-09-30 10:11:17.417380-04:00,18.43,2122,18.44,642,16.71,2578,16.72,3393
2021-09-30 10:11:17.417380-04:00,18.43,2122,18.44,642,16.71,3481,16.72,3027
2021-09-30 10:11:17.417380-04:00,18.44,924,18.45,1688,16.71,3481,16.72,3027
2021-09-30 10:11:17.417380-04:00,18.44,924,18.45,1688,16.71,3481,16.72,3027
2021-09-30 10:11:17.417380-04:00,18.44,924,18.45,1688,16.71,3481,16.72,3027
2021-09-30 10:11:28.447889-04:00,18.44,924,18.45,1688,16.71,3481,16.72,3027
2021-09-30 10:11:28.447889-04:00,18.44,924,18.45,1688,16.71,2504,16.72,4419
2021-09-30 10:11:28.447889-04:00,18.43,589,18.44,3189,16.71,2504,16.72,4419
2021-09-30 10:11:28.447889-04:00,18.43,589,18.44,3189,16.71,2504,16.72,4419
2021-09-30 10:11:28.447889-04:00,18.43,589,18.44,3189,16.71,2504,16.72,4419
2021-09-30 10:11:38.475079-04:00,18.43,589,18.44,3189,16.71,2504,16.72,4419
2021-09-30 10:11:38.475079-04:00,18.43,2396,18.44,934,16.71,3487,16.72,2816
2021-09-30 10:11:50.550794-04:00,18.43,2396,18.44,934,16.71,1435,16.72,4488
2021-09-30 10:11:50.550794-04:00,18.42,1721,18.43,1351,16.71,1435,16.72,4488
2021-09-30 10:11:50.550794-04:00,18.42,1721,18.43,1351,16.71,1435,16.72,4488
2021-09-30 10:11:50.550794-04:00,18.42,1721,18.43,1351,16.71,1435,16.72,4488
2021-09-30 10:11:50.550794-04:00,18.42,1721,18.43,1351,16.71,1435,16.72,4488
2021-09-30 10:11:58.485580-04:00,18.42,1721,18.43,1351,16.71,1435,16.72,4488
2021-09-30 10:11:58.485580-04:00,18.42,1721,18.43,1351,16.71,2712,16.72,3429
2021-09-30 10:11:58.485580-04:00,18.43,937,18.44,2597,16.71,2712,16.72,3429
2021-09-30 10:11:58.485580-04:00,18.43,937,18.44,2597,16.71,2712,16.72,3429
2021-09-30 10:12:08.684311-04:00,18.43,937,18.44,2597,16.71,2712,16.72,3429
2021-09-30 10:12:08.684311-04:00,18.43,937,18.44,2597,16.71,553,16.72,5220
2021-09-30 10:12:08.684311-04:00,18.43,216,18.44,2989,16.71,553,16.72,5220
2021-09-30 10:12:08.684311-04:00,18.43,216,18.44,2989,16.71,553,16.72,5220
2021-09-30 10:12:08.684311-04:00,18.43,216,18.44,2989,16.71,553,16.72,5220
2021-09-30 10:12:08.684311-04:00,18.43,216,18.44,2989,16.71,553,16.72,5220
2021-09-30 10:12:18.649669-04:00,18.43,216,18.44,2989,16.71,553,16.72,5220
2021-09-30 10:12:18.649669-04:00,18.43,216,18.44,2989,16.7,3649,16.71,4701
2021-09-30 10:12:18.649669-04:00,18.41,913,18.42,1202,16.7,3649,16.71,4701
2021-09-30 10:12:31.011665-04:00,18.4,2393,18.41,208,16.7,2428,16.71,5650
2021-09-30 10:12:31.048565-04:00,18.4,2393,18.41,208,16.7,2428,16.71,5650
2021-09-30 10:12:31.048565-04:00,18.4,2393,18.41,208,16.7,2428,16.71,5650
2021-09-30 10:12:38.480694-04:00,18.4,2393,18.41,208,16.7,2428,16.71,5650
2021-09-30 10:12:38.480694-04:00,18.4,2393,18.41,208,16.7,2157,16.71,4494
2021-09-30 10:12:38.480694-04:00,18.4,2393,18.41,208,16.7,2157,16.71,4494
2021-09-30 10:12:38.480694-04:00,18.41,111,18.42,3133,16.7,2157,16.71,4494
2021-09-30 10:12:38.480694-04:00,18.41,111,18.42,3133,16.7,2157,16.71,4494
2021-09-30 10:12:44.452728-04:00,18.41,111,18.42,3133,16.7,2157,16.71,4494
2021-09-30 10:12:44.452728-04:00,18.4,2488,18.41,244,16.7,2104,16.71,4535
2021-09-30 10:12:47.553437-04:00,18.4,2488,18.41,244,16.7,2104,16.71,4535
2021-09-30 10:12:58.644826-04:00,18.4,2488,18.41,244,16.7,2104,16.71,4535
2021-09-30 10:12:58.644826-04:00,18.4,2488,18.41,244,16.7,2104,16.71,4535
2021-09-30 10:12:58.644826-04:00,18.4,2488,18.41,244,16.7,50,16.71,7020
2021-09-30 10:12:58.644826-04:00,18.4,388,18.41,2433,16.7,50,16.71,7020
2021-09-30 10:12:58.644826-04:00,18.4,388,18.41,2433,16.7,50,16.71,7020
2021-09-30 10:12:58.644826-04:00,18.4,388,18.41,2433,16.7,50,16.71,7020
2021-09-30 10:13:05.451627-04:00,18.4,388,18.41,2433,16.7,50,16.71,7020
2021-09-30 10:13:05.451627-04:00,18.4,388,18.41,2433,16.7,50,16.71,7020
2021-09-30 10:13:05.451627-04:00,18.4,514,18.41,2882,16.7,323,16.71,6549
2021-09-30 10:13:05.451627-04:00,18.4,514,18.41,2882,16.7,323,16.71,6549
2021-09-30 10:13:05.451627-04:00,18.4,514,18.41,2882,16.7,323,16.71,6549
2021-09-30 10:13:15.532674-04:00,18.4,514,18.41,2882,16.7,323,16.71,6549
2021-09-30 10:13:15.532674-04:00,18.4,514,18.41,2882,16.7,323,16.71,6549
2021-09-30 10:13:15.532674-04:00,18.4,514,18.41,2882,16.69,3643,16.7,1517
2021-09-30 10:13:15.532674-04:00,18.39,2168,18.4,684,16.69,3643,16.7,1517
2021-09-30 10:13:15.532674-04:00,18.39,2168,18.4,684,16.69,3643,16.7,1517
2021-09-30 10:13:26.508328-04:00,18.39,2168,18.4,684,16.69,3643,16.7,1517
2021-09-30 10:13:26.508328-04:00,18.39,2168,18.4,684,16.69,3653,16.7,601
2021-09-30 10:13:26.508328-04:00,18.4,245,18.41,2989,16.69,3653,16.7,601
2021-09-30 10:13:26.508328-04:00,18.4,245,18.41,2989,16.69,3653,16.7,601
2021-09-30 10:13:26.508328-04:00,18.4,245,18.41,2989,16.69,3653,16.7,601
2021-09-30 10:13:26.508328-04:00,18.4,245,18.41,2989,16.69,3653,16.7,601
2021-09-30 10:13:38.486367-04:00,18.4,245,18.41,2989,16.69,3653,16.7,601
2021-09-30 10:13:38.486367-04:00,18.4,245,18.41,2989,16.69,3478,16.7,3116
2021-09-30 10:13:38.486367-04:00,18.39,1991,18.4,597,16.69,3478,16.7,3116
2021-09-30 10:13:38.486367-04:00,18.39,1991,18.4,597,16.69,3478,16.7,3116
2021-09-30 10:13:38.486367-04:00,18.39,1991,18.4,597,16.69,3478,16.7,3116
2021-09-30 10:13:38.486367-04:00,18.39,1991,18.4,597,16.69,3478,16.7,3116
2021-09-30 10:13:38.486367-04:00,18.39,1991,18.4,597,16.69,4342,16.7,69
2021-09-30 10:13:51.607287-04:00,18.4,1996,18.41,421,16.69,4342,16.7,69
2021-09-30 10:13:54.578342-04:00,18.4,1996,18.41,421,16.69,4342,16.7,69
2021-09-30 10:13:54.578342-04:00,18.4,1996,18.41,421,16.69,4342,16.7,69
2021-09-30 10:13:54.578342-04:00,18.4,1996,18.41,421,16.69,4342,16.7,69
2021-09-30 10:13:54.578342-04:00,18.4,1996,18.41,421,16.69,4342,16.7,69
2021-09-30 10:13:54.578342-04:00,18.4,1996,18.41,421,16.69,4342,16.7,69
2021-09-30 10:13:54.578342-04:00,18.4,1996,18.41,421,16.69,3477,16.7,2319
2021-09-30 10:13:54.578342-04:00,18.39,1887,18.4,741,16.69,3477,16.7,2319
2021-09-30 10:13:54.578342-04:00,18.39,1887,18.4,741,16.69,3477,16.7,2319
2021-09-30 10:13:54.578342-04:00,18.39,1887,18.4,741,16.69,3223,16.7,2770
2021-09-30 10:13:54.578342-04:00,18.39,1934,18.4,555,16.69,3223,16.7,2770
2021-09-30 10:13:54.578342-04:00,18.39,1934,18.4,555,16.69,3223,16.7,2770
2021-09-30 10:13:54.578342-04:00,18.39,1934,18.4,555,16.69,3223,16.7,2770
2021-09-30 10:14:18.356840-04:00,18.39,1934,18.4,555,16.69,3223,16.7,2770
2021-09-30 10:14:18.356840-04:00,18.39,1934,18.4,555,16.69,3223,16.7,2770
2021-09-30 10:14:18.356840-04:00,18.39,1934,18.4,555,16.69,3620,16.7,2004
2021-09-30 10:14:18.356840-04:00,18.39,3235,18.4,183,16.69,3620,16.7,2004
2021-09-30 10:14:18.356840-04:00,18.39,3235,18.4,183,16.69,3620,16.7,2004
2021-09-30 10:14:31.730083-04:00,18.39,3235,18.4,183,16.69,3620,16.7,2004
2021-09-30 10:14:31.730083-04:00,18.39,3235,18.4,183,16.69,3620,16.7,2004
2021-09-30 10:14:31.730083-04:00,18.39,3235,18.4,183,16.69,4296,16.7,459
2021-09-30 10:14:31.730083-04:00,18.4,1244,18.41,1387,16.69,4296,16.7,459
2021-09-30 10:14:31.730083-04:00,18.4,1244,18.41,1387,16.69,4296,16.7,459
2021-09-30 10:14:38.602708-04:00,18.4,1244,18.41,1387,16.69,4296,16.7,459
2021-09-30 10:14:38.602708-04:00,18.4,1244,18.41,1387,16.69,4296,16.7,459
2021-09-30 10:14:38.602708-04:00,18.4,1244,18.41,1387,16.69,3471,16.7,2294
2021-09-30 10:14:38.602708-04:00,18.39,2729,18.4,644,16.69,3471,16.7,2294
2021-09-30 10:14:38.602708-04:00,18.39,2729,18.4,644,16.69,3471,16.7,2294
2021-09-30 10:14:38.602708-04:00,18.39,2729,18.4,644,16.69,3471,16.7,2294
2021-09-30 10:14:38.602708-04:00,18.39,2729,18.4,644,16.69,3471,16.7,2294
2021-09-30 10:14:38.602708-04:00,18.39,2729,18.4,644,16.69,3471,16.7,2294
2021-09-30 10:14:47.664481-04:00,18.39,2729,18.4,644,16.69,3471,16.7,2294
2021-09-30 10:14:47.664481-04:00,18.39,2729,18.4,644,16.69,4332,16.7,193
2021-09-30 10:14:47.664481-04:00,18.4,1877,18.41,1446,16.69,4332,16.7,193
2021-09-30 10:14:47.664481-04:00,18.4,1877,18.41,1446,16.69,4332,16.7,193
2021-09-30 10:14:47.664481-04:00,18.4,1877,18.41,1446,16.69,4332,16.7,193
2021-09-30 10:14:47.664481-04:00,18.4,1877,18.41,1446,16.69,4332,16.7,193
2021-09-30 10:14:58.483556-04:00,18.4,1877,18.41,1446,16.69,4332,16.7,193
2021-09-30 10:14:58.483556-04:00,18.4,1877,18.41,1446,16.69,4025,16.7,54
2021-09-30 10:14:58.483556-04:00,18.4,1503,18.41,440,16.69,4025,16.7,54
2021-09-30 10:14:58.483556-04:00,18.4,1503,18.41,440,16.69,4025,16.7,54
2021-09-30 10:15:12.157995-04:00,18.4,1503,18.41,440,16.69,4025,16.7,54
2021-09-30 10:15:12.157995-04:00,18.4,1503,18.41,440,16.69,4025,16.7,54
2021-09-30 10:15:12.157995-04:00,18.4,1503,18.41,440,16.69,3321,16.7,642
2021-09-30 10:15:12.157995-04:00,18.4,1175,18.41,644,16.69,3321,16.7,642
2021-09-30 10:15:12.157995-04:00,18.4,1175,18.41,644,16.69,3321,16.7,642
2021-09-30 10:15:12.157995-04:00,18.4,1175,18.41,644,16.69,3321,16.7,642
2021-09-30 10:15:17.643331-04:00,18.4,1175,18.41,644,16.69,3321,16.7,642
2021-09-30 10:15:17.643331-04:00,18.4,1175,18.41,644,16.69,3106,16.7,1000
2021-09-30 10:15:17.643331-04:00,18.4,1175,18.41,644,16.69,3106,16.7,1000
2021-09-30 10:15:17.643331-04:00,18.4,929,18.41,1232,16.69,3106,16.7,1000
2021-09-30 10:15:17.643331-04:00,18.4,929,18.41,1232,16.69,3106,16.7,1000
2021-09-30 10:15:28.504291-04:00,18.4,929,18.41,1232,16.69,3106,16.7,1000
2021-09-30 10:15:28.504291-04:00,18.4,929,18.41,1232,16.69,3116,16.7,1517
2021-09-30 10:15:28.504291-04:00,18.4,188,18.41,1906,16.69,3116,16.7,1517
2021-09-30 10:15:28.504291-04:00,18.4,188,18.41,1906,16.69,3116,16.7,1517
2021-09-30 10:15:38.805752-04:00,18.4,188,18.41,1906,16.69,3116,16.7,1517
2021-09-30 10:15:38.807745-04:00,18.4,188,18.41,1906,16.69,3116,16.7,1517
2021-09-30 10:15:38.807745-04:00,18.4,188,18.41,1906,16.69,3588,16.7,206
2021-09-30 10:15:38.807745-04:00,18.4,862,18.41,533,16.69,3588,16.7,206
2021-09-30 10:15:45.650452-04:00,18.4,862,18.41,533,16.69,3588,16.7,206
2021-09-30 10:15:45.650452-04:00,18.4,862,18.41,533,16.69,3588,16.7,206
2021-09-30 10:15:48.660403-04:00,18.4,862,18.41,533,16.69,3588,16.7,206
2021-09-30 10:15:48.660403-04:00,18.4,862,18.41,533,16.69,3588,16.7,206
2021-09-30 10:15:48.660403-04:00,18.4,862,18.41,533,16.7,2456,16.71,3247
2021-09-30 10:15:48.660403-04:00,18.41,1015,18.42,845,16.7,2456,16.71,3247
2021-09-30 10:15:48.660403-04:00,18.41,1015,18.42,845,16.7,2456,16.71,3247
2021-09-30 10:15:48.660403-04:00,18.41,1015,18.42,845,16.7,2456,16.71,3247
2021-09-30 10:15:58.686597-04:00,18.41,1015,18.42,845,16.7,2456,16.71,3247
